2806 5018
458 373 718 441 rssroeuu
741 374 832 440 1.1a.
847 374 890 441 v.
1130 372 1196 438 aas
1255 336 1258 342 ’

154 548 226 621 Seu
246 547 332 644 quis
349 548 398 620 ab
416 546 498 622 Eoo
516 573 583 621 nos
601 547 739 646 impius
757 549 848 621 orbe
865 537 1046 634 lacesset3

200 662 279 736 Seu
297 663 383 760 quis
401 664 450 737 ab
467 664 626 737 occiduo
644 655 723 736 sole
740 655 949 737 domandus
967 663 1050 735 erit.

154 777 339 875 Prospieit
356 778 596 876 Armipotens
613 766 737 875 operis
754 778 903 874 fastigia
917 779 1053 851 summi
1068 805 1077 865 ;

198 893 250 967 Et
268 895 402 993 probat
419 896 577 968 invictos
596 919 744 968 summa
760 906 889 967 tenere
906 895 1011 967 deos,
1120 897 1194 967 560

154 1008 339 1108 Prospicit
357 1011 395 1082 in
413 1011 553 1083 foribus
571 1011 726 1086 diversae
745 1011 820 1084 tela
839 1011 980 1105 figurae,

196 1127 389 1221 Armaque
406 1136 586 1198 terrarum
605 1126 722 1198 milite
740 1124 838 1197 vieta
856 1147 938 1196 suo.

154 1235 253 1310 Hinc
272 1239 375 1311 videt
392 1238 550 1312 AEneam
567 1250 763 1313 oneratum
781 1239 948 1338 pondere
966 1263 1084 1325 sacro,

169 1385 172 1389 ·
202 1351 253 1425 Et
269 1365 326 1427 tot
343 1352 459 1427 Iuleae
476 1355 684 1428 nobilitatis
702 1379 804 1427 avos.

154 1465 252 1540 Hinc
269 1468 373 1542 videt
389 1468 534 1543 Iliaden
552 1469 718 1542 humeris
736 1469 845 1543 ducis
865 1493 969 1542 arma
985 1468 1179 1556 ferentem,
1200 1459 1205 1467 ’

205 1581 395 1679 Claraque
413 1584 606 1682 dispositis
624 1596 709 1657 acta
726 1585 883 1658 subesse
900 1584 999 1658 viris.
1126 1588 1199 1657 566

156 1697 317 1795 Spectat
334 1710 374 1773 et
391 1700 564 1796 Augusto
584 1693 808 1797 praetextum
826 1699 975 1773 nomine
1000 1700 1197 1797 templum,

206 1812 258 1886 Et
273 1813 408 1900 visum,
427 1816 526 1887 lecto
547 1814 710 1901 Caesare,
730 1815 852 1909 majus
870 1838 978 1911 opus.

154 2139 275 2196 tenebat?
290 2139 330 2189 ubi
350 2140 404 2191 vide
420 2152 510 2192 notam.
545 2144 652 2200 Invictos,
702 2155 790 2206 patrem
801 2143 1106 2208 humerissereutsmsnpius
1117 2143 1202 2191 Noster

154 2213 211 2278 quis
231 2214 309 2261 Roma
324 2213 424 2263 invicta.
459 2217 578 2279 Interpres
594 2219 651 2266 Gal·
703 2227 831 2278 memorst3
856 2217 873 2265 i.
890 2219 953 2277 527;
976 2217 1007 2265 iv.
1023 2218 1073 2276 ³7,
1097 2218 1201 2265 Mctsm.

154 2287 214 2336 licus
233 2296 301 2352 putat
327 2289 420 2344 Jnvenr,
450 2291 588 2346 Herculem,
617 2291 651 2356 ip·
703 2291 821 2340 silicea.
841 2292 1139 2346 Proeouunc,onerstsss
1147 2306 1204 2350 pos·

154 2376 254 2425 sumque
266 2362 369 2409 Martem
380 2362 491 2427 intelligi.
523 2363 577 2411 Telo
589 2364 652 2412 Nes·
703 2368 833 2419 derssnero,
842 2365 866 2411 id
875 2371 920 2420 est,
929 2373 953 2411 et
962 2373 1028 2426 patre
1037 2361 1202 2427 etpsnutibus.

154 2435 214 2501 polis
228 2433 341 2498 intelligit
356 2435 458 2499 insignia
474 2436 652 2501 triumphorum,
704 2437 797 2494 Iliades,
826 2437 944 2485 Romulus
966 2437 1017 2484 Ilia
1038 2437 1109 2491 filius,
1130 2438 1203 2492 ducis,

154 2507 185 2557 ds
202 2509 291 2573 quibus
306 2509 432 2558 Suetonius
448 2510 513 2558 dieto
530 2511 596 2570 loco;
613 2527 652 2559 vc·
704 2511 775 2574 regis,
799 2510 956 2567 Creninensis,
976 2527 991 2559 n
1011 2525 1037 2558 se
1060 2509 1204 2565 obtrunesti‚

154 2599 205 2632 rum
226 2583 278 2631 bssc
298 2599 344 2631 non
369 2591 497 2648 potuerunt
515 2587 542 2631 in
560 2586 655 2649 foribus
703 2603 777 2642 arma,
805 2586 888 2650 spolia,
911 2584 1000 2633 retulit.
1034 2582 1124 2632 Redux
1149 2583 1205 2632 Jovi

154 2671 216 2706 sus.
232 2655 343 2721 Intellige
354 2658 398 2704 tslu
405 2657 493 2705 loribus
501 2658 539 2704 vel
550 2657 624 2706 inscul
627 2675 654 2723 p·
704 2658 806 2707 Feretrio
821 2658 935 2723 ternplum
947 2657 1019 2713 vovit,
1030 2656 1110 2706 sedem
1123 2654 1205 2720 spoliis

154 2730 238 2787 luvel
251 2730 354 2795 pretist.
388 2729 654 2779 Iuverbisurmnoictu
705 2732 803 2796 opimis,
822 2732 911 2787 Livius,
923 2732 939 2778 i.
953 2732 992 2780 lo.
1024 2732 1204 2793 Clersqus.etc.

154 2819 202 2854 nso
235 2802 340 2852 debebat
372 2803 460 2858 harere
486 2807 654 2864 Burmannus;
704 2807 794 2854 Statua
805 2806 906 2853 virorum
916 2805 1043 2853 illustrium
1054 2804 1135 2852 ordine
1146 2818 1204 2866 quo-

154 2887 211 2927 snt
222 2878 305 2941 utique
315 2893 380 2926 erma
388 2879 501 2926 victarum
513 2889 638 2927 terrarum.
705 2880 760 2928 dum
772 2880 894 2928 collocatis
908 2879 932 2926 in
947 2880 1000 2926 bnsi
1017 2878 1138 2926 babebnnt
1148 2877 1205 2925 titu-

185 2952 244 3002 ⁶6³.
261 2951 292 2998 Et
301 2953 417 3000 ststuiset
427 2951 513 3000 tabulis
524 2953 594 3017 pictis
601 2954 652 3000 Au·
703 2954 748 3009 los,
766 2955 815 3001 sive
834 2953 935 3001 indicem
952 2968 1029 3000 rerum
1046 2950 1158 3014 preclare
1174 2951 1204 2997 sb

154 3034 238 3091 gustus
256 3025 341 3073 Forum
358 3041 426 3074 suum
446 3025 570 3084 instruxit3
595 3028 652 3074 Sue·
704 3026 733 3075 iis
753 3035 885 3090 gestarum
918 3025 972 3072 vide
996 3039 1050 3087 quss
1078 3021 1147 3070 modo
1174 3022 1205 3070 sd

154 3098 235 3147 tonius
257 3098 359 3162 August.
379 3101 426 3147 31:
456 3099 654 3147 “Proximuma
706 3115 798 3148 versum
809 3101 865 3146 56³.
876 3097 994 3145 dedimus.

154 3171 201 3236 si'n
218 3172 390 3221 immortalibus
405 3172 515 3221 bonorem
535 3174 653 3221 memoria
737 3173 793 3220 567.
813 3172 938 3234 Templum
960 3170 984 3218 in
1007 3171 1082 3217 fronte
1104 3171 1205 3232 Augusti

154 3245 245 3295 iseum
257 3245 373 3310 prestitit.
398 3247 653 3310 ltaqueetoperacu-
705 3260 823 3294 namanes
840 3260 903 3291 more
915 3243 1052 3308 inscriptum
1062 3243 1205 3290 ostentabat.

154 3319 250 3385 iusque,
266 3320 416 3368 innuentibus
437 3321 521 3374 titulis,
541 3320 652 3368 restituit:
706 3321 766 3377 Qum
774 3319 799 3365 in
808 3318 883 3365 fronte
894 3317 928 3364 rei
937 3326 978 3364 urit
987 3317 1011 3364 in
1023 3316 1129 3378 margine
1139 3324 1203 3371 sunt,

154 3403 180 3444 et
195 3400 289 3441 ststuns
304 3392 408 3441 omniurn
426 3392 563 3457 triumphali
579 3394 656 3456 effigie
705 3402 850 3455 espretestu
860 3400 988 3450 vocantur;
1005 3389 1106 3445 Plinius,
1118 3404 1203 3452 paneg.

154 3466 179 3515 in
189 3475 292 3530 utruque
304 3465 356 3514 Fori
367 3467 402 3512 sui
414 3465 656 3530 porticudedicavit.''
705 3467 741 3514 lii.
760 3469 788 3514 2:
806 3467 903 3526 postibus
919 3467 1021 3525 prutes-i,
1042 3472 1133 3511 statuas
1150 3457 1205 3511 suns

154 3541 194 3590 Ac
211 3541 288 3591 titulis
301 3539 398 3603 quidem
413 3539 488 3586 iorum
505 3540 556 3602 ejus
571 3541 654 3604 praeni-
705 3548 760 3588 suta
782 3541 843 3587 iores
864 3538 946 3602 templi
973 3554 1067 3602 ponere.
1107 3539 1206 3592 Seneca,

154 3615 239 3670 tuisse,
258 3613 329 3661 etiarn
341 3612 459 3668 Velleius,
474 3613 499 3660 ii.
513 3615 552 3660 ³9.
570 3624 656 3661 namst-
706 3614 783 3679 Epist.
795 3616 839 3662 89:
859 3616 875 3641 ‘⁶
886 3611 1021 3659 fluminum
1031 3611 1093 3676 ripas
1103 3611 1205 3660 aedificia

154 3688 260 3743 Plinius,
272 3704 345 3735 xxxv.
359 3688 396 3735 10.
407 3688 449 3734 ubi
459 3686 551 3751 Apellis
562 3688 656 3736 tabulas
705 3685 865 3752 pretexunt.'’
891 3686 961 3735 lecto
970 3686 1065 3741 cesare,
1077 3685 1140 3734 lecto
1151 3685 1205 3736 ce-

155 3761 274 3828 qussdsm
290 3759 428 3816 nominavit,
449 3760 540 3824 pergit:
566 3762 656 3818 “Quas
705 3760 764 3808 saris
774 3759 877 3815 nomine,
887 3760 965 3808 visum
977 3760 1063 3823 majus,
1074 3758 1131 3823 quin
1141 3767 1207 3806 tanto

155 3845 270 3899 utresque
290 3835 384 3883 tabulas
399 3834 468 3882 divus
487 3834 611 3897 Augustus
632 3834 656 3881 iu
707 3834 791 3882 aviro
818 3834 962 3881 dedicatum.
1001 3833 1121 3882 Succurrit
1147 3832 1206 3880 illud

156 3908 259 3959 rennui
273 3909 379 3972 pertibus
391 3907 548 3956 celeberrimis
562 3906 656 3956 dicave-
708 3907 842 3956 Gnathonis
857 3907 921 3972 apud
935 3908 1080 3963 Terentium,
1097 3908 1161 3954 Eun.
1172 3905 1207 3952 iii.

157 3989 194 4030 rut
211 3980 365 4045 simplicitate
383 3980 528 4029 moderatn.''
561 3981 591 4028 In
607 3979 657 4029 istis
710 3986 737 4030 l:
755 3991 771 4011 ‘⁴
778 3985 846 4031 Lista
862 3991 898 4031 est
911 3998 956 4029 non
975 3991 1024 4029 turn
1041 3982 1092 4045 ipso
1109 3979 1206 4043 quidem

159 4053 346 4105 simulscrisnon
357 4054 441 4102 mimm
455 4064 491 4102 est
504 4054 574 4103 luisse
585 4055 657 4102 etiam
707 4057 777 4114 dono,
799 4073 872 4122 quam
890 4058 932 4105 abs
951 4056 1072 4104 sedatum
1091 4067 1157 4101 esse:
1181 4052 1206 4099 id

164 4126 230 4176 lslss
246 4129 371 4176 nobilitatis
389 4144 449 4185 noos,
470 4127 501 4177 de
520 4129 606 4192 quibus
623 4127 656 4175 iv.
707 4146 761 4179 vern
777 4130 837 4179 serio
855 4128 1014 4193 triumphstl¹'
1048 4128 1086 4175 De
1102 4135 1205 4189 tempore

165 4200 194 4248 29
202 4216 255 4266 sqq.
275 4202 370 4250 AEmm
382 4218 446 4250 suern
457 4211 487 4258 et,
498 4219 563 4251 sucro
572 4204 656 4256 altere,
708 4204 789 4268 templi
807 4201 855 4251 voti
873 4199 990 4250 consentit
1003 4197 1137 4252 Suetonius,
1156 4198 1189 4243 29
1199 4211 1219 4241 ι·
