2806 5018
170 353 235 416 tou
466 349 504 413 Ρ.
528 346 689 413 OVIDII
716 348 928 415 NASONIS

176 522 286 596 Elato
304 522 461 607 calamo,
480 546 598 619 quum
617 521 769 595 demum
787 545 957 596 emersus
978 521 1020 592 in
1038 542 1155 592 auras
1182 522 1225 590 35

175 637 338 711 Brachia
355 637 537 721 dissolvit,
557 637 855 735 populatumque
872 632 1033 733 exsprsrt
1050 635 1216 708 hamum.

223 753 277 825 At
294 753 417 849 Mugil
435 753 557 826 cauda
575 754 805 850 pendentem
823 753 1024 826 everberat
1041 776 1185 837 escam

175 866 463 965 Excussamque
482 868 585 963 legit.
641 866 771 965 Lupus
790 867 865 941 ucri
883 867 1064 940 concitus
1083 867 1152 952 ira,

175 982 359 1056 Discursu
377 983 495 1056 fertur
512 983 626 1068 vario,
646 984 862 1082 fluctusque
879 983 1050 1057 ferentes

176 1097 435 1195 Prosequitur,
446 1109 680 1195 quassatque
694 1110 822 1195 caput,
838 1099 929 1171 dum
939 1098 1224 1172 vulneresaevus

176 1213 319 1288 Laxato
338 1215 451 1288 cadat
468 1215 614 1301 hamus,
634 1226 673 1286 et
689 1238 755 1286 ora
772 1214 943 1312 patentia
963 1214 1132 1310 linquat.
1181 1215 1219 1283 41

175 1327 211 1401 N
214 1353 258 1402 ec
278 1329 446 1428 proprias
464 1329 561 1402 vires
579 1329 702 1402 nescit
720 1328 894 1402 Muraena
912 1328 1107 1415 nocendi;

175 1445 405 1542 Auxilioque
423 1445 493 1530 sui,
513 1469 640 1518 morsu
659 1469 729 1519 neo
747 1445 917 1518 cominus
936 1444 1017 1517 acri

176 1557 327 1645 Deficit,
347 1571 412 1633 aut
428 1560 573 1633 animos
592 1560 697 1657 ponit
713 1561 863 1658 captiva
878 1559 1069 1634 minaces.

225 1674 387 1748 Anthios
400 1675 472 1762 his,
484 1685 590 1771 tergo
605 1700 690 1772 quae
703 1677 883 1762 concutit,
899 1676 1024 1750 utitur
1036 1675 1166 1763 armis
1178 1676 1220 1746 45

176 1898 201 1947 in
220 1899 267 1947 fine
286 1898 385 1965 proximi
405 1913 484 1947 versus
503 1906 556 1962 post
576 1902 674 1961 predam

175 1972 293 2038 adjicitur,
312 1977 432 2036 predaret,
450 1971 513 2037 quod
530 1972 577 2021 huc
593 1972 674 2028 refero,

176 2055 203 2094 ut
224 2047 362 2096 restituam:
390 2047 444 2095 huic
468 2062 553 2108 quoque
576 2047 676 2094 adheret

177 2118 248 2168 Eluto
263 2123 359 2169 salomo.
393 2121 459 2168 Huic
475 2135 510 2168 ac.
527 2119 628 2184 praedm:
647 2120 675 2169 τὸ

176 2194 275 2242 adheret
291 2194 428 2258 absorptum
444 2202 494 2242 erat
508 2192 534 2241 in
548 2194 673 2254 praedaerst,

176 2273 249 2331 atque
257 2268 291 2316 its
301 2267 398 2323 factum,
408 2271 494 2330 medo,
505 2278 548 2316 ret.
575 2267 675 2331 conjec-

176 2348 235 2388 tura
251 2356 310 2388 mers
324 2341 490 2407 adstipulatur,
504 2339 566 2389 Plin.
576 2340 593 2387 1.
604 2338 677 2387 xxxii.

177 2428 199 2460 c.
220 2416 252 2462 2:
280 2415 425 2479 “Polypum
450 2414 532 2463 hamos
558 2425 677 2478 appetere,

177 2485 328 2549 brachiisque
354 2488 488 2552 complecti,
511 2504 557 2536 non
584 2503 677 2546 morsu3

176 2575 220 2608 nec
237 2561 301 2624 prius
316 2561 443 2618 dimittere,
455 2576 525 2625 quam
540 2577 618 2610 escam
632 2560 677 2609 cir·

175 2635 327 2692 cumroserit;
345 2643 386 2682 aut
396 2634 510 2684 arundine
520 2635 624 2682 levatum
634 2650 674 2682 ex·

176 2714 213 2753 tra
225 2708 338 2769 aquam.”
371 2708 418 2755 Sed
429 2717 546 2771 postrema
559 2722 605 2755 non
620 2709 677 2756 satis

176 2790 317 2844 congruunt.
350 2783 437 2830 Noster
447 2782 519 2837 enim,
532 2781 603 2829 etiam
618 2783 677 2829 stato

177 2855 270 2909 echino,
283 2855 402 2903 adhaerere
411 2855 497 2919 praedae
508 2871 557 2903 sua·
564 2855 675 2919 polypum

177 2927 244 2983 dicit,
266 2927 341 2978 donec
363 2931 453 2977 hamum
473 2930 523 2993 jum
543 2930 676 2991 populatum

178 3012 279 3062 exspirat.

210 3078 251 3124 ³5.
271 3077 348 3129 Quium
367 3077 477 3139 demum]
505 3076 562 3123 Tum
581 3078 676 3123 demam.

177 3149 286 3198 Ambros.

210 3225 249 3270 37.
269 3223 299 3270 Et
311 3224 410 3288 Maga]
428 3229 443 3249 ‘⁴
452 3223 500 3270 Scit
508 3221 616 3284 ernlugil
626 3237 676 3269 esse

176 3296 201 3343 in
220 3296 289 3346 harno
311 3314 397 3352 escam,
416 3296 559 3359 insidiasque
579 3312 625 3343 non
642 3295 674 3359 ig·

177 3380 258 3418 norat:
281 3371 383 3419 aviditas
401 3382 479 3418 tamen
502 3379 568 3417 tanta
589 3378 632 3424 est,
651 3377 677 3416 ut

176 3444 255 3492 cauda
282 3446 425 3493 verberando
457 3443 561 3492 excutiat
588 3444 677 3490 cibos.”

177 3516 243 3564 Plin.
254 3519 327 3566 xxxii.
338 3534 359 3566 c.
370 3522 396 3566 2.
430 3519 468 3565 lta
486 3517 536 3564 hrec
551 3517 676 3580 plusquam

178 3591 340 3654 παραφράζει,
351 3592 392 3656 qui
408 3592 498 3655 reliqua
515 3590 610 3637 vixdum
626 3589 676 3653 epi·

179 3671 316 3711 tomaverat.
329 3666 401 3712 Vtrr.
435 3665 473 3711 De
482 3664 567 3726 lllugili
577 3663 676 3718 Plinius,

179 3734 262 3781 eodem
274 3737 318 3784 lib.
330 3753 385 3801 cap.
397 3740 421 3785 9.
432 3754 479 3785 sec.
487 3739 527 3785 23.
537 3748 559 3785 et
571 3737 636 3784 alibi.
649 3736 676 3784 C.

179 3809 211 3854 Ar
223 3807 337 3857 editiones
347 3812 438 3858 multe.
474 3813 579 3875 lllugr'tir,
592 3810 675 3858 lleins.

176 3879 288 3928 malebat.

210 3956 249 4002 38.
268 3955 347 4017 erpas
358 3961 407 4004 ucri
417 3961 518 4005 corrritrrs
529 3960 585 4020 inu]
602 3964 618 3988 ‘⁴
628 3960 675 4007 Mi·

178 4044 222 4077 nus
233 4029 257 4077 in
269 4031 413 4094 providendo
424 4033 504 4096 Lupus
518 4032 618 4080 solertiae
631 4033 673 4081 ha-

177 4103 226 4159 ber,
237 4103 278 4152 sed
288 4120 399 4168 magnum
411 4106 480 4152 robur
488 4105 512 4152 in
523 4105 673 4170 poenitendo:

177 4191 230 4224 narn
243 4187 269 4225 ut
279 4177 347 4226 haesit
355 4179 379 4226 in
390 4179 467 4234 harno,
476 4179 619 4228 tumultuoso
627 4180 674 4227 ‹lis-

724 1915 794 1948 curso
814 1899 879 1947 lust
895 1897 1008 1955 vulnera,
1025 1898 1107 1947 donec
1124 1895 1224 1947 authu

725 1972 842 2021 insidiae.''
860 1971 924 2021 Plio.
936 1971 972 2019 ib.
982 1987 1005 2020 c.
1017 1975 1046 2020 2.

757 2047 800 2095 ³9.
823 2046 944 2093 Discussa«.
966 2045 1044 2094 MSS.
1064 2039 1224 2093 numu

725 2122 891 2176 crateuas
907 2117 988 2167 lou.

758 2195 798 2242 42
816 2191 945 2255 Murena-J
959 2190 1224 2241 “Memoradum-

725 2269 818 2334 ignorat
837 2267 898 2315 rirea
920 2265 1031 2331 proprias
1056 2274 1109 2315 tum
1133 2260 1224 2314 mut

726 2343 788 2400 aliia,
809 2352 859 2391 tum
885 2340 916 2389 ad
944 2341 1115 2390 aurilimdum
1140 2339 1183 2388 sibi
1196 2337 1224 2385 'ia

727 2431 805 2464 monn
824 2430 876 2464 erse
895 2413 964 2462 situ.
996 2413 1150 2462 Prnmordet
1167 2411 1223 2461 eain

727 2489 828 2538 husam:
848 2503 925 2552 neque
941 2485 1070 2536 mordendi
1085 2487 1135 2536 rin
1150 2485 1222 2535 renit-

728 2564 765 2619 tit,
780 2562 855 2611 donec
871 2559 968 2609 omnim
984 2560 1116 2610 debilitata
1132 2575 1158 2608 se
1174 2572 1223 2622 sap·

729 2646 777 2685 tam
803 2645 828 2685 et
852 2635 940 2683 rictam
967 2634 1084 2683 lateatm.
1116 2634 1224 2682 um

727 2709 828 2775 amplius
843 2708 957 2757 devorant
972 2724 1049 2772 quam
1068 2707 1174 2763 hamum,
1187 2706 1223 2754 ad·

727 2793 867 2847 moventque
882 2782 994 2831 dentibus
1009 2782 1097 2838 lineas.
1110 2792 1180 2847 atque
1195 2781 1224 2828 ita

727 2857 850 2906 erodunt.”
866 2854 969 2912 Plinius,
979 2856 1036 2905 loco
1043 2856 1086 2904 cit.
1102 2857 1136 2905 G.

759 2933 799 2978 ⁴3.
816 2931 952 2991 Auxilioque
967 2929 1034 2991 sut]
1058 2931 1135 2995 Lege,
1149 2931 1183 2976 ssi
1197 2942 1222 2974 ex

726 3004 818 3053 Thunn.
829 3014 854 3052 et
866 3001 962 3059 deinde,
976 3007 1081 3051 cominus
1095 3020 1138 3068 pro
1152 3021 1177 3050 so
1187 3004 1223 3049 ni·

726 3096 778 3133 uus,
787 3095 816 3125 ex
825 3086 924 3140 utroque
930 3075 1034 3140 scripto;
1048 3078 1123 3124 tone:
1141 3075 1222 3123 “Aus·

726 3149 840 3213 iliumque
850 3150 887 3197 sui
895 3164 973 3195 morsu
984 3162 1032 3196 nec
1042 3148 1175 3198 comminus
1182 3150 1223 3196 aeri

728 3222 846 3270 Deficit.''
878 3222 917 3269 Sic
931 3220 974 3268 illa
989 3230 1136 3286 tempestate
1150 3222 1223 3285 loqur·

727 3296 828 3351 bantur;
854 3304 878 3342 et
898 3295 927 3343 τὸ
949 3295 1047 3356 deficare
1066 3309 1123 3343 cum
1148 3304 1223 3359 quarto

728 3385 784 3417 casu
802 3369 987 3432 conjungebant,
1005 3379 1033 3417 ut
1050 3369 1109 3418 alibi
1126 3370 1223 3435 pluribus

728 3453 763 3490 est
771 3441 964 3490 demonstratum.
986 3442 1107 3506 Sequenti
1116 3459 1182 3492 versu
1189 3444 1222 3489 ts·

727 3533 771 3562 mos
781 3524 849 3577 portat
860 3526 957 3576 rapturo
967 3519 1077 3564 minaces.
1088 3517 1182 3566 Thrau-
1195 3516 1221 3563 ll.

759 3590 801 3637 45.
819 3590 916 3635 Anthios
935 3587 994 3650 his]
1026 3590 1066 3638 De
1094 3590 1142 3640 hoe
1167 3591 1222 3656 pin

727 3663 819 3711 Plinius
840 3662 882 3710 lib.
895 3661 927 3708 ix.
944 3677 999 3726 csp.
1017 3664 1058 3711 59.
1093 3665 1138 3712 Est
1154 3673 1222 3713 auten

728 3736 846 3785 aGraecis
862 3746 960 3784 vocatus
976 3735 1042 3800 ἱερὸς
1059 3737 1144 3803 ἰχθὺς,
1159 3736 1222 3786 ursit

728 3810 865 3859 Aristoteles
877 3810 918 3858 lib.
930 3810 964 3857 ir.
975 3809 1008 3858 de
1025 3811 1081 3860 hist.
1094 3814 1168 3861 anim.
1178 3827 1221 3874 cap

727 3887 774 3943 373
790 3884 853 3949 quod
866 3885 889 3931 in
905 3884 1000 3932 eoloco
1014 3886 1054 3942 sir,
1065 3888 1109 3935 ubi
1120 3888 1219 3936 nullan·

726 3961 830 4024 periatur
852 3958 943 4006 bellua.
984 3958 1026 4007 De
1050 3961 1137 4010 eodem
1160 3960 1220 4009 etia·

727 4033 837 4080 AElianus
847 4031 889 4079 lib.
899 4030 915 4079 i.
926 4047 981 4095 cap·
989 4034 1015 4081 3.
1027 4042 1052 4082 et
1063 4033 1108 4082 lib.
1119 4034 1166 4082 viii.
1175 4047 1218 4095 cap

725 4108 767 4154 27.
780 4106 929 4160 Plutarchus,
943 4104 968 4153 in
980 4106 1036 4169 jam
1052 4108 1128 4157 citato
1144 4106 1220 4155 libello·

724 4182 942 4244 --Tergcqrraerrurr
955 4184 1027 4230 videt.
1065 4183 1128 4231 Vidit
1138 4181 1217 4230 Theti·
