2806 5018
179 360 244 424 504
472 357 512 421 Ρ.
536 355 699 421 ovlutl
722 355 936 422 NASONIS

179 530 343 603 Victima
355 529 415 601 vel
436 528 581 600 Phoebo
599 551 727 602 sacras
743 528 922 602 macteris
938 526 988 600 ad
1008 550 1111 612 aras,

228 643 353 727 Quam
370 643 457 715 tulit
474 666 497 715 a
515 666 614 716 saevo
631 641 854 716 Theudotus
872 642 982 716 hoste
1001 664 1154 716 necem.

177 760 256 832 Aut
272 770 311 832 te
328 759 509 833 devoveat
526 759 639 832 certis
659 758 811 832 Abdera
828 758 978 843 diebus,

229 873 409 970 Saxaque
426 872 603 946 devotum
621 873 803 968 grandine
820 873 930 971 plura
946 884 1098 970 petant.
1163 877 1228 945 470

178 989 256 1061 Aut
273 988 296 1060 J
299 990 377 1063 ovis
395 988 520 1062 infesti
539 989 615 1063 telo
633 989 765 1062 feriare
783 989 950 1074 trisulco,

230 1102 285 1176 Ut
302 1115 406 1176 satus
427 1101 640 1201 Hipponoo,
662 1103 945 1199 Dosithoesque
963 1113 1104 1200 pater3

182 1217 235 1290 Ut
253 1243 356 1291 soror
371 1218 577 1304 Autonoes,
598 1230 640 1291 ut
656 1219 719 1292 cui
737 1228 941 1291 matertera
958 1217 1069 1292 Maia
1087 1229 1167 1305 est;

231 1333 285 1405 Ut
302 1346 443 1407 temere
460 1344 610 1431 optatos
629 1335 694 1431 qui
713 1334 812 1408 male
829 1333 931 1406 rexit
948 1357 1099 1430 equos:

182 1447 235 1521 Ut
252 1447 352 1521 ferus
370 1449 550 1534 AEolides,
571 1461 612 1522 ut
629 1450 812 1545 sanguine
830 1459 959 1521 cretus
977 1449 1133 1534 eodem,
1162 1450 1226 1521 475

230 1563 316 1645 Quo
329 1565 458 1657 genita
474 1575 545 1648 est,
561 1564 717 1660 liquidis
730 1588 815 1660 quae
828 1575 933 1637 caret
945 1563 1092 1638 Arctos
1105 1563 1224 1660 aquis:

181 1677 236 1751 Ut
255 1679 417 1753 Macedo
434 1680 576 1779 rapidis
594 1681 669 1755 icta
687 1693 746 1754 est
762 1704 849 1753 cum
867 1681 1036 1776 conjuge
1049 1680 1224 1762 flammis;

233 1793 297 1867 Sic
316 1819 449 1892 precor
466 1795 617 1869 aetherei
637 1796 795 1870 vindicis
814 1797 900 1892 igne
919 1796 1053 1870 cadas.

181 1907 364 1984 Praedave
381 1912 432 1983 sis
450 1911 536 1996 illis,
557 1911 696 2008 quibus
715 1926 774 1986 est
792 1911 950 1985 Latonia
969 1911 1096 1986 Delos

231 2024 333 2099 Ante
350 2026 451 2100 diem
469 2038 576 2125 rapto
595 2051 670 2101 non
688 2028 862 2101 adeunda
877 2026 1051 2099 Thraso:
1164 2029 1226 2097 480

215 2269 272 2319 469.
289 2267 400 2331 Abdera]
420 2267 483 2317 Urbs
492 2267 599 2317 'lbraeire
614 2266 681 2316 initio
763 2267 820 2315 ⁴75.
842 2265 875 2314 Ut
881 2264 954 2328 serite
963 2264 1093 2329 mee]
1111 2261 1227 2317 meae.

184 2343 240 2392 enni
265 2343 383 2392 hominem
409 2342 510 2392 devovet
535 2358 576 2407 pro
603 2343 680 2392 salute
731 2339 794 2389 Reli
820 2338 872 2395 filii,
892 2336 1057 2387 temeritatem
1084 2339 1111 2387 in
1131 2338 1164 2386 vi.
1179 2337 1228 2385 AEv.

183 2417 312 2472 communi,
324 2415 448 2479 obruitque
459 2414 589 2480 lapidibus.
730 2412 817 2478 Virgil.
828 2412 928 2462 cecinit:
952 2411 1008 2460 Vidi
1022 2422 1046 2461 et
1061 2414 1167 2462 cardeles
1177 2414 1225 2460 tn·

216 2490 273 2536 ⁴72.
297 2489 329 2536 Ut
345 2498 408 2536 ratas
425 2488 565 2550 Hippalm]
592 2489 681 2554 lmpre·
731 2499 775 2535 tem
786 2487 902 2535 satam
911 2502 1000 2548 ponas,
1010 2494 1061 2535 ete.
1098 2485 1227 2535 triento·

179 2570 250 2610 ostur
277 2560 337 2608 hosti
366 2561 596 2624 κεραυνοπληγὶαν.
641 2562 681 2609 De
731 2560 776 2626 sibi
791 2561 934 2625 perforatum
950 2560 1082 2617 exstruxit.
1097 2560 1123 2608 in
1136 2576 1181 2624 quo
1191 2575 1226 2607 ve·

184 2634 305 2697 Capaneo,
316 2632 435 2696 Hipponoi
450 2631 507 2688 lilio,
523 2649 592 2696 quem
606 2642 681 2698 poetar
732 2634 847 2693 hebetum
862 2633 928 2682 nude
940 2632 1049 2697 crepitus
1060 2632 1147 2698 ingens
1160 2630 1227 2697 prudi-

180 2707 208 2754 in
230 2704 403 2771 oppugnatione
423 2705 567 2761 Thebarum,
584 2707 681 2755 fulmine
733 2709 782 2763 bat,
794 2718 818 2755 et
829 2722 917 2771 aquam
928 2722 971 2770 per
980 2706 1228 2758 foraminaemittebat.

184 2795 319 2845 percussum
343 2794 394 2827 esse
415 2780 514 2843 fingunt.
548 2780 613 2828 lllud
636 2796 683 2828 non
734 2782 865 2844 pradictus
876 2781 976 2828 tonitrus
987 2792 1013 2829 et
1026 2782 1123 2844 pluvias
1136 2782 1228 2829 utilem

184 2854 280 2919 perinde
298 2865 387 2909 notum,
402 2855 431 2901 ab
445 2854 495 2918 ipso
510 2854 611 2917 primum
629 2871 680 2902 sca·
734 2854 819 2902 edere:
837 2869 907 2917 quem
916 2854 1013 2916 Jupiter
1021 2854 1166 2902 fulminavit.
1175 2855 1228 2900 Zaa.

183 2928 260 2976 larum
270 2927 469 2992 oppugnationem
485 2928 622 2986 inventam3
641 2944 681 2976 cu·
732 2928 800 2975 —Ut
816 2930 927 2992 sanguine
943 2937 1015 2975 notus
1028 2931 1118 2976 eodem.
1151 2927 1227 2975 Neda

181 3003 222 3067 jus
238 3002 271 3051 rei
287 3003 353 3050 testis
371 3011 407 3050 est
422 3002 543 3064 Vegetius,
557 3003 599 3050 lib.
615 3003 646 3050 iv.
660 3018 681 3050 c.
732 3002 789 3066 quid
804 3002 833 3049 de
850 3002 957 3049 lsmeneo
972 3001 1095 3064 Lycaonis
1109 3003 1157 3049 filio
1172 3016 1225 3049 con·

184 3077 224 3123 21.
241 3075 427 3124 S.—Dorithoer.
461 3076 543 3129 Atrax,
562 3091 635 3136 quum
653 3076 679 3122 fi·
731 3076 901 3132 miniscuntur;
922 3075 963 3137 qui
985 3091 1063 3137 quum
1085 3077 1150 3124 Deos
1167 3073 1225 3122 dot-ci

184 3148 240 3196 liam
258 3148 390 3196 Dosithoen
411 3164 426 3195 a
442 3149 502 3196 Jove
523 3164 679 3213 compressam
731 3150 828 3203 faceret,
845 3148 943 3195 fulmine
961 3164 1092 3212 percussus
1109 3149 1226 3197 interierit:

185 3221 333 3286 prodidisset,
344 3221 443 3274 fulmine
454 3221 583 3268 exstinctus
593 3231 637 3269 est.
732 3223 841 3270 Sanctius
863 3221 892 3269 de
915 3221 966 3285 ipso
988 3223 1102 3285 Lycaone
1123 3225 1226 3286 interpre-

218 3296 274 3343 473.
295 3294 326 3340 Ut
341 3293 425 3355 torota]
445 3293 538 3341 Semele
555 3310 617 3342 soror
629 3296 680 3343 Au·
731 3306 803 3343 tatur.
832 3295 961 3359 ligabam
975 3295 1029 3342 libri
1041 3295 1226 3345 San-vteroriuri

185 3380 273 3424 tonoes.
285 3369 338 3416 luce
350 3369 364 3416 J
368 3369 425 3423 ovis,
437 3384 508 3431 quam
521 3368 622 3431 decepta
637 3367 681 3414 im·
732 3368 857 3417 lectionem
872 3384 972 3431 sequor:
991 3378 1016 3415 ut
1034 3373 1112 3417 satem
1126 3373 1226 3435 negabo

184 3441 294 3506 petravit,
315 3440 433 3488 exstincta
457 3450 509 3498 est;
533 3440 587 3488 vide
610 3440 682 3488 Ovld.
732 3446 797 3489 noti:
814 3443 872 3506 quia
882 3441 1003 3504 Lycaonis
1013 3440 1105 3490 liberos
1114 3442 1225 3504 intelligo:

184 3517 285 3564 Metam.
299 3513 332 3561 iii.
351 3514 490 3562 Dora—Ut
505 3517 543 3562 eui
561 3523 683 3561 matertera
732 3530 773 3562 eos
791 3516 852 3563 enim
871 3513 955 3578 partim
973 3515 999 3560 in
1016 3515 1089 3579 lupos
1106 3528 1227 3567 conversos,

186 3589 261 3636 Maio.
294 3589 350 3636 Non
367 3586 514 3636 referendum
532 3588 575 3636 hoc
592 3587 623 3634 ad
640 3588 681 3634 Se·
733 3590 818 3652 partim
835 3588 934 3635 fulmine
950 3602 1089 3650 percussos,
1105 3597 1227 3638 auctorest

187 3662 271 3715 melea,
282 3662 320 3708 cui
331 3661 400 3708 Maia
411 3661 516 3709 Atlantis
531 3660 580 3709 filia
595 3669 679 3708 mater·
731 3662 860 3709 Hecataeus
867 3661 988 3716 Milesius,
997 3661 1060 3709 libro
1071 3663 1097 3711 ii.
1105 3662 1226 3723 Genealog.

185 3744 235 3781 tera
245 3749 332 3797 magna
343 3733 388 3780 luit
399 3738 468 3792 (tunc
481 3734 542 3782 enim
554 3734 679 3796 legendum
731 3737 753 3783 N
757 3735 814 3783 alal.
825 3735 918 3790 Comes,
929 3734 972 3781 lib.
987 3735 1020 3783 ir.
1032 3751 1091 3801 cap.
1102 3739 1127 3785 9.
1137 3735 1225 3801 myrto

183 3815 256 3861 esset,
268 3816 290 3853 et
305 3810 343 3852 cai
358 3818 430 3853 motor
442 3808 537 3867 Mam)
557 3823 634 3870 neque
649 3806 679 3854 ad
731 3810 778 3873 log.
796 3809 1024 3872 Saum—Sangarius
1038 3823 1119 3859 mnu.
1155 3813 1225 3858 cneo

184 3880 334 3933 OEnomaum‚
344 3880 430 3927 Martis
441 3890 464 3927 et
475 3882 586 3944 Steropes
595 3881 680 3927 Atlan·
731 3892 778 3931 tres
789 3882 877 3947 scripti.
894 3883 928 3930 H.

183 3954 240 4004 tidis
251 3954 410 4016 filium,cujus
422 3953 679 4016 domuslulminequo·
762 3958 818 4004 479.
841 3957 950 4003 Prcdoos
965 3959 996 4005 sis
1013 3959 1085 4022 iltis]
1114 3958 1224 4023 Imprsee·

184 4044 231 4095 qua
239 4027 311 4076 arsit:
329 4025 371 4074 sed
382 4026 460 4090 potius
471 4026 502 4073 ad
510 4026 611 4082 Jasium,
619 4029 679 4075 Jove
730 4041 768 4078 tur
778 4030 929 4079 laniationem
942 4045 956 4076 a
967 4032 1079 4087 canibus,
1091 4033 1169 4097 qualis
1177 4047 1224 4079 coe

182 4114 206 4154 et
230 4104 323 4151 Electra
348 4099 471 4148 Atlantide
500 4110 590 4146 natum.
616 4100 679 4146 Vir..
731 4104 783 4166 tigit
795 4103 885 4152 Thraso
902 4119 976 4167 puero
992 4106 1017 4153 in
1035 4107 1115 4166 Delo;
1131 4105 1225 4154 tham

186 4180 269 4225 hvon.
730 4187 808 4225 autem
823 4193 882 4240 puer
893 4178 980 4226 Diana
992 4178 1100 4229 dilectus
1110 4196 1124 4228 a
1134 4181 1223 4228 cambes
