2806 5018
460 376 721 442 FASTORUM
743 376 835 442 ΜΒ.
859 378 929 443 ΙΙΙ.
1154 382 1217 447 171

164 546 315 619 Dicitur
332 547 478 623 infirma
495 573 611 623 cornu
628 551 796 626 tenuisse
814 552 966 625 sinistra

214 660 382 748 Femina,
401 687 518 760 quum
535 666 584 737 de
602 689 644 738 se
662 665 814 739 nomina
831 666 922 740 lecit
939 691 1060 765 aquae.
1140 674 1213 742 870

162 775 280 850 Paene
298 778 409 850 simul
427 779 549 876 periit,
565 779 656 853 dum
673 783 753 855 vult
770 807 986 858 succurrere
1004 784 1121 882 lapsae
1276 773 1281 784 ’

213 890 355 979 Frater,
374 905 413 968 et
429 906 604 970 extentas
622 896 779 994 porrigit
796 922 917 995 usque
935 923 1082 973 manus.

160 1005 309 1095 Flebat,
329 1021 371 1083 ut
389 1011 527 1084 amissa
544 1013 683 1108 gemini
701 1023 874 1087 consorte
892 1014 1036 1112 pericli,

213 1123 386 1200 Oaeruleo
399 1129 571 1223 junctam
589 1129 739 1202 nescius
758 1152 842 1202 esse
861 1127 957 1202 Deo.

159 1235 348 1313 Litoribus
367 1243 476 1316 tactis
495 1243 604 1319 Aries
623 1245 665 1317 fit
683 1244 808 1318 sidus:
839 1256 878 1318 at
895 1245 1008 1340 hujus
1136 1250 1208 1320 875

210 1352 389 1431 Pervenit
407 1359 444 1431 in
464 1360 627 1435 Colchas
645 1386 757 1436 aurea
775 1362 862 1435 lana
878 1362 1024 1434 domos,

156 1467 268 1542 Tuas
287 1473 352 1545 ubi
372 1472 562 1549 Luciferos
579 1477 733 1551 veniens
750 1477 973 1576 praemiserit
991 1475 1080 1563 an,

207 1585 394 1687 Tempora
411 1592 602 1665 nocturnis
617 1617 730 1691 -aequa
746 1592 881 1666 diurna
898 1591 1009 1665 feres.

157 1699 267 1775 Inna
286 1717 420 1801 quater
437 1718 564 1805 pastor
582 1719 731 1781 saturos
750 1708 813 1780 ubi
832 1707 1009 1781 clauserit
1025 1707 1166 1796 haedos,

208 1816 417 1893 Canuerint
434 1822 559 1895 herbae
577 1846 659 1895 rore
676 1834 828 1896 recente
846 1831 1000 1918 quater;
1130 1828 1205 1898 880

153 1932 276 2008 lanus
294 1935 518 2021 adorandus,
539 1960 701 2033 cumque
716 1926 791 2012 'hoc
811 1937 1026 2011 Concordia
1044 1937 1160 2025 mitis,

206 2047 261 2122 Et
278 2049 450 2125 Romana
469 2051 593 2139 Salus,
612 2076 752 2150 araque
771 2050 884 2127 Pacis
902 2051 984 2127 erit.

156 2165 281 2240 Luna
293 2168 389 2265 regit
401 2193 567 2243 menses:
587 2169 700 2266 hujus
714 2191 866 2267 quoque
881 2177 1051 2265 tempora
1061 2164 1202 2241 mensis

206 2281 309 2355 Finit
325 2282 511 2358 Aventino
530 2283 637 2358 Luna
653 2285 812 2358 colenda
824 2284 931 2380 jugo.

154 2492 204 2548 lac.
232 2491 288 2540 Jaru
300 2491 417 2541 Hesiodus
428 2501 453 2541 et
467 2491 615 2557 Pherecydes
626 2493 646 2542 ei
699 2492 804 2558 tiu,qura
822 2492 892 2540 docet
906 2489 1007 2541 solstitia
1022 2488 1202 2554 araquiuoetia

154 2578 250 2613 aureum
261 2565 472 2625 vellusdedcraut5
485 2567 648 2631 HyginPoet.
700 2582 746 2615 uon
756 2565 903 2622 octavis.aed
915 2564 996 2630 primis
1005 2563 1112 2629 partibus
1120 2563 1199 2628 siguo-

154 2637 361 2688 mdictoloco.
388 2639 462 2704 Apud
472 2638 648 2696 eumdem,lab.
698 2656 750 2690 rum
770 2639 864 2689 confici.
903 2639 993 2687 Verum
1019 2637 1044 2685 iu
1069 2637 1113 2686 bac
1138 2635 1199 2686 ruris

154 2712 174 2761 1.
184 2720 263 2760 mater
278 2713 376 2761 arietem
391 2713 525 2762 inauratum
543 2712 647 2770 adducit,
698 2713 824 2779 disciplina
834 2726 919 2777 aequor
930 2727 993 2760 nuuc
1005 2709 1098 2758 Eudoxi
1109 2717 1134 2758 et
1144 2710 1198 2757 Me·

154 2785 258 2851 Neptuni
270 2795 295 2835 et
303 2786 460 2851 Theophanes
469 2787 552 2835 filium.
587 2787 645 2834 Pur·
696 2786 766 2843 tonis,
783 2786 980 2849 antiquorumque
1002 2782 1073 2832 lautos
1089 2782 1197 2832 Astrolo-

154 2874 251 2927 pureum
267 2859 327 2909 illud
345 2860 420 2910 vellus
435 2861 562 2910 Acusilaus
578 2869 647 2908 vocat
695 2876 786 2925 gutum.
798 2861 838 2924 qui
849 2869 905 2908 aunt
920 2855 996 2923 aptati
1009 2856 1111 2923 publicis
1121 2855 1196 2905 sacri·

154 2948 173 2980 n
193 2931 276 2982 Sebol.
293 2932 323 2982 ad
343 2933 505 2998 Apollonium,
523 2934 554 2981 iv.
574 2934 645 2981 1147.
696 2933 785 2981 ficiia.'¹

154 3004 212 3055 Vnde
223 3005 302 3055 Vuaaii
317 3007 446 3072 Mytlolcg.
458 3007 546 3072 Bricsc,
558 3015 615 3055 tom.
626 3007 645 3056 i.
728 3008 786 3055 879.
820 3003 1019 3069 circumloquitur
1040 3020 1065 3050 v.
1087 3001 1194 3050 Kalend.

154 3093 203 3144 rag.
223 3080 286 3128 254:
314 3080 458 3145 Apollodoro
479 3090 502 3129 at
519 3081 602 3130 Taetze
621 3081 645 3129 iu
695 3078 785 3145 Aprilis
793 3079 842 3127 riva
851 3079 913 3127 diem
922 3077 993 3125 xxvii.
1002 3074 1093 3130 Martii,
1101 3090 1148 3138 quo
1156 3073 1196 3122 dia

154 3151 266 3218 laycopbr.
293 3168 348 3218 pag.
371 3154 395 3203 7.
419 3153 562 3211 auctoribus,
586 3154 647 3203 aries
696 3153 788 3202 Ferrum
806 3153 873 3207 Juni,
886 3153 981 3206 saturn,
996 3144 1195 3202 commurmu-

154 3225 218 3276 lcrro
236 3225 357 3292 impositor
374 3234 433 3277 verit
453 3244 500 3277 nun
514 3246 556 3291 prr
567 3228 646 3293 freta,
694 3232 734 3277 eir.
767 3227 842 3281 sarm,
855 3224 973 3273 valetudo.
1005 3222 1129 3286 Augustus
1144 3227 1193 3269 tras

154 3298 189 3348 ad
207 3315 252 3365 per
272 3316 336 3351 aera.
368 3302 472 3350 Omnino
493 3303 545 3351 bac
564 3303 646 3352 fabula
694 3307 785 3348 statuas
797 3298 875 3361 posuit
888 3295 994 3360 ’ἵγὶειας
1009 3293 1136 3358 dupliciae,
1150 3295 1192 3342 :ul

154 3371 254 3423 mima
264 3374 377 3424 varietate
387 3376 462 3424 relata
473 3384 517 3425 est.
693 3372 825 3439 Ὁμονοίας
845 3372 887 3421 acl
904 3368 1021 3434 Εἰρήνης·
1040 3368 1149 3424 Ζουαηι,
1165 3384 1191 3416 x.

177 3447 237 3496 877.
253 3447 423 3511 AEquirructt'um
432 3466 527 3498 uernum
537 3448 586 3496 viii.
594 3450 645 3497 Ka·
695 3449 735 3495 34.
768 3447 807 3495 De
818 3463 860 3494 aru
873 3446 940 3494 Pacis
951 3443 1004 3492 vida
1016 3444 1032 3491 i.
1043 3441 1100 3490 709.

154 3520 212 3571 end.
223 3520 320 3586 Aprilis.
341 3521 403 3572 Vide
414 3524 444 3571 ad
456 3539 503 3572 ver.
514 3524 570 3572 851.
594 3522 643 3570 Pli·
728 3523 784 3570 883.
802 3522 874 3568 Luuae
885 3519 948 3567 adar
963 3518 987 3565 iu
1000 3518 1120 3565 Auentino.
1153 3515 1192 3563 Li·

154 3593 210 3652 rim,
221 3593 288 3643 xviii.
302 3595 348 3642 66:
367 3601 383 3623 “
394 3594 573 3660 AEquiuoctiurn
593 3611 645 3643 ver·
694 3596 753 3651 vius,
771 3595 804 3644 xl.
823 3597 855 3654 23
881 3592 960 3641 Rulua
980 3592 1005 3639 iu
1026 3589 1133 3655 Reginae
1152 3589 1193 3637 aii.

154 3683 204 3717 rum
220 3667 327 3716 addieru
339 3667 387 3716 viii.
399 3669 455 3716 lial.
465 3668 555 3734 Aprilis
566 3669 645 3733 peragi
693 3669 772 3718 Etiam
791 3669 889 3717 Tacitus
909 3666 999 3715 Annal.
1018 3682 1057 3714 xv.
1073 3665 1113 3713 41.
1130 3673 1190 3713 tem·

154 3741 269 3792 rueram
303 3741 376 3792 Varie
396 3751 474 3791 autem
496 3743 551 3791 olim
571 3742 645 3806 aequi·
694 3743 759 3806 plum
782 3742 854 3790 Inane
875 3754 996 3797 memorat,
1013 3739 1076 3804 quod
1096 3737 1192 3787 Servius

154 3816 229 3867 betia
250 3815 470 3866 constituebantur:
503 3816 646 3872 Columella,
693 3816 786 3865 Tullius
797 3814 937 3865 condiderit.

154 3910 175 3942 r.
189 3892 230 3941 14.
241 3898 258 3919 '⁴
272 3892 325 3941 Nec
341 3906 379 3939 rne
391 3891 452 3940 fallit
462 3890 591 3956 Hipparchi
608 3907 644 3939 ra-
