2806 5018
306 342 350 408 82
588 340 627 405 P.
651 338 813 404 OVIDII
838 335 1051 405 NASONIS

307 516 447 589 Alveus
465 514 503 588 in
520 513 621 600 limo,
640 512 743 585 silvis
761 512 940 610 appulsus
959 509 1099 609 opacis,

358 629 558 714 Paulatim,
577 628 689 702 fluvio
707 628 919 713 deficiente,
938 627 1058 702 sedet.
1281 630 1352 699 410

308 745 429 818 Arbor
447 755 547 819 erat:
576 756 771 818 remanent
786 742 966 839 vestigia:
997 765 1161 838 quaeque
1175 750 1331 815 vocatur

358 858 523 932 Rumina
537 883 637 932 nunc
656 859 763 944 licus,
784 857 948 931 Romula
962 857 1056 930 ficus
1074 867 1168 931 erat.

305 973 421 1049 Venit
438 975 486 1048 ad
504 973 710 1073 expositos,
729 973 878 1058 mirum,
897 974 988 1071 lupa
1004 972 1094 1046 loeta
1110 973 1307 1068 gemellos.

358 1087 452 1173 Quis
470 1090 601 1165 credat
617 1088 743 1188 pueris
762 1112 837 1162 non
854 1087 1029 1161 nocuisse
1044 1087 1188 1162 leram?

308 1202 395 1278 Non
414 1205 589 1279 nocuisse
613 1227 745 1302 parurn
769 1214 849 1279 est:
880 1204 1035 1301 prodest
1058 1227 1234 1300 quoque;
1263 1226 1355 1299 quos

455 1321 546 1420 lupa
563 1320 690 1404 nutrit,
1282 1321 1353 1390 415

357 1433 524 1510 Perdere
538 1445 708 1530 cognatae
726 1434 937 1508 sustinuere
955 1457 1102 1509 manus.

307 1548 501 1634 Constitit,
520 1560 560 1623 et
578 1549 699 1622 cauda
715 1550 854 1623 teneris
872 1549 1063 1623 blanditur
1080 1547 1255 1634 alumnis,

357 1662 407 1735 Et
424 1663 534 1760 fingit
550 1664 679 1761 lingua
696 1688 853 1763 corpora
870 1666 960 1739 bina
976 1689 1057 1739 sua.

307 1776 433 1853 Marte
450 1790 552 1853 satos
570 1779 708 1868 scires3
738 1780 850 1854 timor
867 1781 998 1866 abfuit,
1013 1781 1131 1853 ubera
1148 1779 1314 1863 ducunt3

359 1891 394 1967 N
398 1917 441 1969 ec
457 1894 529 1969 sibi
546 1895 719 1993 promissi
736 1896 845 1970 lactis
864 1898 1012 1972 aluntur
1030 1919 1114 1993 ope.
1281 1899 1353 1967 420

307 2111 390 2159 tabella
405 2112 518 2175 praeclara
534 2120 570 2160 est
584 2112 708 2178 oppositio,
721 2128 804 2178 quem·
855 2113 1009 2160 estverbum.
1044 2110 1238 2175 Fingerelinguo
1251 2109 1355 2160 habetet

307 2183 436 2233 admodum
449 2187 510 2233 velit
520 2187 581 2234 bene
592 2185 702 2234 convenit
712 2187 749 2251 τῷ
758 2203 806 2235 sru-
855 2185 979 2250 Virgilius,
995 2185 1052 2233 AEn.
1068 2182 1118 2232 viii.
1133 2184 1191 2232 631.
1207 2183 1239 2233 de
1255 2184 1301 2233 hac
1317 2201 1355 2233 ea·

307 2260 374 2305 tinet.
411 2258 584 2307 Inlimosedet.
619 2259 805 2309 Iir.ii.6.“in
855 2258 909 2308 dem
918 2273 952 2314 re,
964 2256 1104 2307 “Geminos
1115 2255 1170 2305 hnic
1181 2256 1257 2305 ubera
1267 2256 1354 2305 circum

304 2327 372 2378 vadis
390 2330 500 2378 frumenti
518 2347 614 2380 acervos
629 2331 717 2381 sedisse
733 2333 806 2382 illitos
857 2331 948 2381 Ludere
964 2330 1094 2397 pendentes
1107 2345 1201 2394 pueros,
1212 2340 1239 2379 et
1255 2331 1357 2381 lambere

305 2400 387 2450 limo.’'
856 2414 954 2454 matrem
966 2403 1117 2468 Impavidos:
1135 2402 1201 2451 illam
1217 2403 1287 2453 tereti
1303 2421 1354 2453 cer·

338 2477 395 2525 411.
412 2477 464 2525 Liv.
472 2477 488 2526 i.
497 2479 522 2526 4.
531 2484 548 2505 “
557 2478 580 2526 in
591 2479 698 2543 proxima
708 2480 804 2538 alluvie,
855 2479 907 2527 vice
914 2479 1027 2527 reflexam
1037 2478 1143 2527 Mulcere
1154 2477 1266 2535 alternos,
1272 2487 1297 2527 st
1306 2495 1356 2526 cor-

304 2549 346 2596 ubi
360 2565 423 2598 nunc
435 2551 493 2600 ficus
502 2551 637 2601 Ruminalis
654 2562 690 2602 est
701 2553 803 2618 (Romu-
855 2567 912 2616 pora
923 2553 1010 2615 fingere
1021 2550 1128 2615 liugna.''
1162 2551 1200 2600 lbi
1211 2552 1307 2600 Servius
1316 2568 1356 2601 ex-

305 2622 380 2670 larem
401 2632 507 2672 vocatam
533 2624 649 2687 lerunt.”)
683 2627 805 2676 Plutarch.
855 2626 939 2690 plicat,
951 2637 1050 2690 tergere,
1062 2634 1086 2674 et
1095 2624 1176 2673 addit:
1195 2626 1356 2676 “Sedtamcu

306 2694 360 2745 Vit.
377 2696 451 2745 Rom.
469 2699 492 2745 4.
507 2699 587 2763 plures
605 2700 705 2749 nominis
722 2717 806 2750 causas
856 2709 880 2748 et
891 2701 991 2748 formare
1002 2697 1101 2762 aliquid,
1111 2706 1136 2747 et
1146 2699 1177 2747 ad
1193 2698 1310 2764 integram
1322 2701 1355 2748 la-

305 2767 395 2831 edlert3
417 2770 519 2820 maxime
536 2773 619 2837 probet
636 2773 674 2822 διὰ
690 2777 737 2825 τὸν
755 2781 806 2825 τῶν
856 2772 916 2821 ciem
926 2783 976 2820 arte
985 2772 1122 2838 perducere,
1130 2770 1273 2836 significat.”
1297 2775 1355 2821 Pos-

304 2841 402 2908 βρεφῶν
413 2845 551 2910 θηλασμόν·
564 2845 602 2894 ὅτι
619 2845 668 2905 τὴν
682 2864 707 2896 τε
723 2848 806 2908 θηλὴν
855 2847 939 2895 teriore
949 2862 1021 2895 sensu
1029 2847 1130 2895 Metam.
1138 2862 1177 2894 xv.
1187 2846 1282 2894 soum
1294 2863 1356 2901 urse.

306 2913 404 2981 ῥοῦμαν
416 2918 548 2983 ὠνόμαζον
558 2918 581 2967 ol
593 2919 706 2968 παλαιοί.
733 2921 804 2969 Cous.
856 2926 872 2948 '‘
883 2919 1022 2968 Lambendo
1040 2928 1115 2968 mater
1135 2919 1160 2966 in
1178 2927 1244 2968 artus
1264 2919 1356 2983 lingit.”

195 3053 198 3059 Ι
305 2989 368 3039 idem
379 2991 470 3048 Quest.
481 2992 553 3041 Rom.
564 3002 620 3041 tom.
631 2992 670 3041 rii.
683 3008 739 3058 pag.
749 2996 804 3044 125.
855 2993 903 3041 Sed
924 3009 987 3042 nnnc
1008 2993 1083 3057 priore
1103 3008 1175 3041 sensu
1199 2992 1353 3058 capiendum.

305 3068 404 3115 Festus:
422 3067 647 3116 “Mammnautem
659 3068 731 3117 rumis
745 3068 803 3118 dici·
855 3074 954 3130 tergere.
988 3067 1160 3115 IntraulOll:
1181 3066 1226 3114 rto
1237 3083 1319 3114 monus
1327 3084 1355 3115 e·

305 3141 412 3198 tussire
426 3142 519 3190 rurus.”
551 3142 637 3208 Itaque
650 3151 740 3208 putem,
752 3144 803 3191 Ru-
853 3157 908 3204 gros
926 3143 1030 3189 mortibus
1040 3141 1145 3206 fingebat
1162 3141 1250 3188 omum.
1284 3140 1355 3189 Plura

305 3217 391 3263 sunam
408 3215 478 3265 luisse
495 3232 581 3265 nomen
599 3217 730 3282 antiquum,
747 3217 804 3282 quie
854 3214 964 3279 exempla
981 3214 1054 3262 lubet
1072 3213 1185 3262 Heinsius
1204 3213 1238 3262 sd
1257 3214 1354 3262 Hemid.

304 3303 372 3335 ruma
383 3304 429 3336 uon
440 3288 484 3337 nisi
494 3290 599 3354 antiquis
609 3291 730 3338 usitatum.
765 3291 803 3339 De
854 3304 893 3336 xx.
908 3290 963 3336 134.
987 3288 1079 3352 Lingua
1090 3287 1176 3336 lambit
1187 3303 1274 3353 pueros
1282 3288 1352 3337 etiam

297 3361 352 3423 ficu
360 3360 490 3410 vidVarro
501 3362 531 3411 de
542 3363 610 3426 Ling.
619 3363 673 3411 Lat.
685 3363 717 3411 iv.
728 3380 752 3427 p.
766 3365 803 3413 16.
853 3362 917 3427 apud
928 3361 1029 3419 Livium,
1040 3372 1065 3411 et
1079 3362 1105 3410 in
1120 3361 1280 3410 monumentis
1294 3362 1354 3410 anti·

304 3435 334 3482 ln
344 3435 480 3482 memoriam
491 3436 542 3498 ejus
553 3435 600 3483 alia
610 3445 663 3484 sata
673 3445 710 3483 est
720 3437 801 3484 etcul-
853 3436 914 3499 quis.
948 3437 1034 3484 Fabius
1050 3435 1130 3484 Pictor
1147 3444 1353 3492 uarnvemtearn

304 3515 330 3556 te
345 3507 369 3555 iu
380 3507 482 3556 Comitio
494 3508 610 3562 Romano,
623 3524 676 3572 qum
688 3509 749 3556 uruit
759 3511 803 3557 sub
853 3524 958 3565 coenum,
973 3525 1019 3574 quo
1037 3509 1103 3574 pueri
1118 3509 1212 3574 repleti,
1226 3510 1354 3558 lambendo

304 3581 408 3630 Nerone.
439 3581 539 3639 Plinius,
550 3598 589 3630 xv.
599 3582 639 3631 20.
650 3581 730 3645 ibique
742 3583 802 3630 Har·
853 3583 998 3632 abstersisse.
1033 3583 1150 3646 Exempla
1164 3584 1195 3632 sb
1207 3584 1307 3633 Heinsio
1321 3585 1354 3632 sl·

306 3652 375 3702 duin.
385 3653 462 3703 Tacit.
472 3655 521 3703 Au.
533 3654 584 3703 xiii.
596 3658 637 3703 58.
853 3656 903 3703 lata
914 3656 968 3706 vide
980 3657 1011 3705 ad
1023 3656 1068 3703 loc.
1077 3656 1120 3703 cit.
1132 3664 1189 3705 tom.
1200 3657 1220 3705 i.
1231 3673 1256 3721 p.
1267 3657 1316 3705 372
1330 3668 1354 3705 et

337 3728 394 3776 413.
413 3726 574 3784 Formenira.
608 3728 708 3792 Dionys.
721 3730 802 3779 vsord·
853 3730 911 3778 37³.

304 3817 362 3858 enoc
368 3805 507 3865 σπαργῶσα
515 3803 573 3858 roric
580 3803 690 3864 μαστοὺς
699 3803 748 3851 ὑπὸ
757 3803 802 3868 γά-
885 3804 941 3850 419.
960 3802 1034 3849 Morti
1045 3801 1095 3866 lupi
1105 3801 1176 3850 sacri.
1197 3802 1260 3852 Indo
1270 3804 1353 3851 Martii

302 3875 401 3932 λακτος.
433 3875 479 3922 Pro
482 3875 555 3938 fingit
570 3875 640 3923 multi
650 3877 721 3924 MSS.
733 3880 803 3942 lingit
851 3885 876 3924 et
893 3877 1014 3924 Martiales
1029 3876 1103 3935 dicti;
1128 3875 1227 3924 AEneisl.
1242 3878 1277 3926 ia.
1293 3880 1353 3936 som

304 3950 423 4003 allambit,
434 3965 486 4012 qnae
497 3958 522 3997 et
533 3949 580 3997 Int.
591 3951 732 4014 quibusdam
748 3953 800 4017 pla·
852 3950 935 4000 llornt.
948 3953 969 3999 l.
980 3951 1030 3999 od.
1043 3950 1099 3999 xvii.
1110 3952 1135 3999 9.
1168 3951 1232 3999 Hinc
1248 3952 1318 4000 linxit
1330 3961 1355 4001 et

303 4035 382 4070 cuore.
413 4021 531 4072 Teubner.
543 4023 584 4079 ait,
595 4039 620 4071 se
631 4033 716 4087 preter
729 4043 801 4074 raro·
852 4023 905 4080 hoc,
917 4026 995 4072 Marte
1012 4035 1069 4072 sertor
1084 4027 1160 4080 scires,
1171 4026 1236 4089 quod
1253 4027 1353 4080 dictum.

304 4095 401 4160 φωνῖαν
421 4096 510 4145 nullam
534 4112 629 4146 eausam
652 4096 740 4156 videre,
759 4116 801 4148 cur
850 4109 877 4148 ut
888 4102 989 4150 Motum.
1004 4103 1059 4149 lm.
1070 4105 1138 4149 scires
1155 4118 1166 4148 c
1183 4105 1297 4166 sangiune
1312 4121 1354 4150 no·

304 4172 374 4234 lingit
384 4170 534 4235 improbetur.
561 4172 637 4221 Immo
647 4183 671 4221 et
680 4173 798 4238 plebeium
850 4184 889 4223 tos.
924 4177 1014 4224 Ducere
1024 4178 1094 4223 ubera
1105 4177 1167 4224 bona
1177 4175 1276 4233 locutio,
1289 4176 1353 4242 quod
