2806 5018
172 338 249 410 182·
464 342 504 407 P.
527 341 691 409 OVIDII
715 342 928 410 NASONIS

174 493 367 616 Nympha,
380 537 503 600 mone,
517 517 660 590 nemori
671 527 882 616 stagnoque
891 530 1049 618 operata
1059 519 1209 595 Dianoe:

224 632 417 730 Nympha,
438 630 473 703 N
477 654 574 704 umae
591 634 745 729 conjux,
764 634 812 707 ad
832 643 898 708 tua
915 634 1017 709 facta
1032 637 1133 710 veni.

175 747 295 820 Vallis
313 747 475 820 Aricinae
493 747 601 844 sylva
618 749 845 845 praecinctus
863 772 983 848 opaca

227 863 298 937 Est
314 865 432 951 lacus
452 864 609 961 antiqua
626 865 819 961 relligione
837 889 957 940 sacer.

174 1095 245 1158 tum]
258 1092 609 1144 SecundumPlutarch.Num.
617 1108 672 1160 cap.
723 1094 827 1144 Strothio
854 1094 905 1142 hnc
934 1110 978 1142 vox
999 1094 1059 1145 fone
1082 1094 1135 1143 sine
1155 1108 1219 1146 unsa

176 1169 217 1218 13.
232 1179 317 1218 octavo
332 1167 398 1233 regni
414 1168 502 1216 Numa
517 1183 588 1224 annu,
600 1182 674 1232 quum
724 1180 834 1235 suspecta
845 1178 904 1217 erat.
934 1167 1071 1216 &cuudum
1083 1166 1144 1217 alios
1153 1168 1220 1233 scrip

174 1243 247 1309 pestis
259 1258 302 1308 per
315 1241 410 1291 ltaliam
424 1241 525 1298 savimt,
535 1248 608 1306 atque
623 1240 673 1288 Ro·
724 1254 785 1291 tores
796 1258 842 1290 nou
855 1241 901 1290 nisi
917 1249 1043 1290 nocturnos
1060 1256 1117 1290 cum
1128 1257 1160 1292 es
1171 1256 1221 1291 usu-

174 1331 238 1367 mem
254 1317 327 1366 etiam
344 1316 480 1366 exhauriret
496 1315 597 1373 civibus,
610 1314 676 1382 pelte
724 1332 818 1382 gressus
832 1315 916 1365 hebuit
926 1315 951 1363 in
966 1324 1033 1364 autm
1043 1315 1160 1380 quodam.
1191 1316 1222 1364 ra

174 1407 242 1440 mnes
261 1407 276 1442 e
297 1392 360 1441 coelo
381 1389 508 1439 delabitur.
543 1389 624 1437 Numa
645 1405 674 1438 ex
726 1405 788 1437 nunc
800 1388 922 1438 commode
932 1388 1066 1446 invocatur,
1074 1388 1221 1455 quippeprrs

175 1464 263 1528 Egeria
279 1463 406 1527 Musisque
423 1477 449 1510 se
470 1461 504 1510 ait
523 1461 675 1526 comperisse,
725 1463 812 1512 labnle
820 1477 872 1528 seq.
883 1462 1222 1528 DeuemorsetrtogrroDissc

175 1536 272 1586 missam
290 1537 356 1585 illam
374 1551 426 1585 esse
443 1536 469 1583 in
484 1534 549 1583 urbis
566 1535 675 1592 salntem,
726 1553 779 1585 mox
790 1536 866 1603 plura.
878 1536 1034 1600 lbiliqerinm
1042 1537 1222 1600 operoriDiusae

175 1610 363 1673 servandamque
397 1624 451 1656 cum
485 1607 596 1656 undecim
623 1609 676 1657 aliis
725 1619 788 1659 recte
806 1609 854 1658 dici
877 1618 948 1674 neget
966 1610 1051 1659 Helue.
1068 1609 1129 1675 quis
1149 1611 1222 1676 potius

176 1682 251 1732 scutis
276 1682 383 1748 ejusdem
404 1681 493 1730 forma.
525 1682 579 1740 Quo
604 1682 677 1738 lacto,
723 1684 813 1748 gemitu
827 1692 962 1748 questuque
975 1683 1223 1733 “sacraDianmim·

177 1757 273 1805 morbus
282 1756 392 1806 cessavit.
426 1755 675 1804 HincrerrSeliosin·
724 1757 815 1823 pedit,”
838 1759 938 1806 Metam.
960 1773 1001 1806 xv.
1024 1759 1085 1807 489.
1130 1759 1223 1821 Operum

177 1829 262 1887 stituit,
279 1830 395 1895 peltarum
410 1830 508 1878 istarum
524 1829 640 1878 custodes
652 1840 676 1878 et
724 1829 797 1879 etiam
807 1839 844 1878 est
854 1845 948 1895 operam
959 1829 1031 1888 dare,
1054 1829 1097 1878 sed
1109 1839 1169 1880 tuuc
1179 1831 1223 1879 lere

176 1903 302 1953 ministros.
335 1905 437 1970 Dionys.
451 1903 477 1952 ii.
491 1902 590 1952 ll.hoc
601 1920 675 1954 unum
725 1918 810 1952 nomen
821 1903 855 1952 rei
866 1903 971 1958 additur,
981 1918 1029 1951 non
1042 1901 1098 1952 loci.
1132 1905 1171 1953 Ad
1186 1914 1223 1952 rso

177 1987 265 2036 numer,
285 1988 379 2028 scutum
401 1977 522 2043 quoddam
542 1978 567 2026 in
588 1978 674 2026 Nnmae
717 1976 789 2041 sorta
807 1981 867 2032 oeni,
886 1975 944 2025 ades
964 1975 995 2025 ad
1019 1975 1084 2025 lacta
1104 1987 1149 2026 tus
1169 1976 1223 2025 mihi

176 2051 243 2116 regia
255 2052 378 2100 inventum
393 2068 453 2108 esse,
474 2067 488 2100 a
503 2052 568 2100 nullo
582 2052 676 2101 mortali
726 2049 908 2115 suppeditanda.

176 2124 277 2174 illatum.
311 2126 399 2174 Verum
408 2123 509 2174 Ovidius
520 2125 559 2173 sel
569 2125 629 2189 ipse,
638 2124 676 2174 vel
758 2124 896 2173 263-275.
922 2122 1015 2172 Nemus
1038 2123 1127 2173 Diana
1156 2139 1224 2190 prope

176 2198 235 2247 alios
251 2207 357 2247 auctores
374 2210 477 2255 secutus,
491 2197 557 2246 eliud
575 2198 676 2247 miracu·
726 2196 840 2253 Ariciam,
849 2197 931 2245 urbem
943 2196 1014 2253 Latii,
1024 2206 1050 2245 et
1060 2197 1086 2245 in
1095 2212 1126 2246 eo
1136 2198 1224 2264 Egeria

176 2270 226 2318 lum
244 2269 379 2326 immiscuit,
396 2270 461 2334 qnod
479 2269 604 2319 Plutarch.
622 2285 676 2335 cap.
726 2269 778 2318 ions
792 2269 941 2319 describitur.
973 2268 1226 2321 eontbtetsmrs

181 2345 220 2391 15.
240 2345 318 2392 refert.
351 2343 470 2392 Amobius
488 2353 576 2399 autem,
591 2345 635 2393 lib.
652 2361 676 2393 v.
725 2360 787 2410 sqq,
803 2345 872 2410 virg.
887 2345 944 2393 AEn.
959 2344 999 2393 vii.
1015 2345 1061 2394 ⁷61
1079 2361 1136 2410 sqq.
1152 2355 1177 2396 et
1190 2347 1224 2395 iu·

177 2432 236 2482 pag.
250 2418 304 2466 los.
314 2432 343 2465 ex
354 2416 453 2465 Antiete
463 2416 547 2481 repetit
558 2426 582 2464 et
593 2417 675 2482 exagi-
726 2418 807 2483 primis
818 2419 911 2475 Strabo,
922 2418 964 2466 lib.
974 2435 998 2466 v.
1010 2434 1066 2484 pag.
1076 2420 1137 2468 2³9.
1171 2421 1224 2470 Nun

177 2498 221 2539 tat.
238 2491 349 2554 Namque
360 2488 459 2539 fulmine
467 2505 542 2555 quum
549 2490 676 2555 aliquando
726 2492 828 2558 pertinet
838 2491 878 2541 hic
887 2491 954 2542 locus
964 2492 995 2541 ad
1006 2507 1065 2549 rem,
1074 2492 1119 2542 sed
1128 2492 1227 2544 insertus

177 2561 280 2629 plurima
296 2561 445 2620 cecidissent,
462 2567 552 2619 Numa,
567 2573 676 2614 monente
726 2575 762 2615 est
776 2565 897 2615 varietatis
908 2575 933 2614 et
947 2566 1020 2632 copim
1035 2581 1119 2615 causa.
1151 2567 1226 2632 Prope

178 2633 275 2701 ligeris,
292 2635 375 2683 Picum
393 2643 418 2684 et
435 2637 553 2693 Faunum,
569 2637 592 2685 si
607 2637 676 2686 adhi-
727 2640 839 2696 Ariciam
861 2640 905 2688 sub
925 2640 1020 2688 Albano
1042 2649 1132 2696 monte,
1152 2659 1228 2691 mss

177 2711 237 2767 bite,
248 2709 350 2759 consulit
359 2709 389 2758 de
400 2710 429 2758 iis
437 2711 569 2777 expiandis.
585 2712 676 2760 Horum
726 2721 778 2760 erat
793 2728 847 2760 cum
864 2713 924 2769 loom
936 2713 961 2760 in
975 2728 1023 2776 quo
1040 2728 1136 2763 nemore
1150 2715 1227 2763 Diona

179 2792 229 2832 arte
241 2783 337 2848 Jupiter
351 2783 444 2832 coelesti
459 2800 472 2832 e
486 2784 542 2833 sede
557 2784 588 2834 ad
603 2786 676 2834 collo·
726 2785 848 2834 colebatur
860 2785 983 2850 peregrino
996 2801 1069 2841 mure,
1081 2786 1124 2851 qui
1134 2788 1227 2852 Scythi-

178 2857 262 2924 quium
280 2873 334 2907 cum
356 2858 436 2907 Numa
453 2859 554 2917 elicitur,
574 2876 676 2924 eumque
727 2874 783 2907 cum
803 2857 875 2907 ritum
895 2858 1020 2907 referebat.
1054 2858 1121 2908 Hinc
1148 2861 1228 2911 fabula

178 2931 257 2988 docet,
272 2945 321 2996 qua
336 2931 426 2981 ratione
442 2931 542 2981 fulmina
560 2932 608 2980 sint
624 2948 676 2998 pro·
727 2943 784 2983 nata
803 2932 895 2982 videtur
921 2933 953 2982 de
974 2934 1055 2982 Diana
1072 2934 1178 2984 Taurica
1198 2937 1227 2985 ab

179 3005 299 3064 curanda3
316 3006 375 3070 quin
391 3005 489 3071 pignora
503 3006 595 3071 imperii
613 3016 678 3056 certa
728 3009 822 3064 Oreste,
831 3007 940 3056 Thoante
954 3022 1009 3071 rege
1022 3006 1157 3067 interiecto,
1171 3009 1226 3060 illuc

179 3079 201 3128 ei
211 3077 335 3145 promittit.
376 3079 520 3128 Promissum
531 3079 590 3128 fides
600 3080 678 3145 sequi-
728 3080 849 3128 translata.
882 3080 911 3128 In
930 3079 1013 3130 eudem
1032 3081 1125 3146 templo
1142 3082 1226 3133 Dian·

179 3161 235 3215 tur;
252 3153 325 3202 altero
340 3152 402 3202 enim
414 3153 454 3202 die
469 3153 530 3203 inter
544 3153 646 3202 tonitrua
655 3161 680 3202 et
728 3152 795 3201 heros
805 3151 917 3217 indigena
929 3152 1027 3203 Virbius
1041 3154 1130 3212 cultus,
1139 3171 1169 3206 ex
1181 3172 1227 3222 quo

180 3227 274 3291 fulgura
288 3237 381 3276 scutum
400 3227 493 3282 leniter,
508 3228 597 3293 populo
612 3243 679 3294 spec·
728 3226 824 3275 seriores
833 3227 1078 3291 Hippolytumlecere.
1096 3229 1155 3278 Vid.
1163 3230 1228 3296 Hey·

179 3308 246 3349 tante
261 3309 285 3348 et
302 3300 461 3355 acclamante,
475 3300 572 3349 decidit.
605 3301 634 3349 Id
651 3318 679 3350 ne
729 3299 1041 3350 niiErc.viii.adAEn.vii.
1058 3301 1227 3368 DeHippoiyti

180 3373 242 3421 inrto
258 3373 343 3421 auferri
358 3374 438 3437 possit,
454 3375 587 3423 Mamurius
601 3374 680 3439 opifex
729 3373 783 3422 latis
792 3380 817 3421 et
828 3373 889 3422 tristi
904 3386 977 3422 morte
989 3374 1038 3423 vid.
1051 3374 1081 3423 ad
1095 3377 1159 3425 Met.
1170 3378 1228 3428 dict.

177 3447 274 3511 jubetur
295 3447 365 3510 plura
384 3454 452 3495 scuta
472 3447 577 3512 ejusdem
599 3449 679 3512 figurae
729 3447 777 3494 loc.
797 3447 884 3504 Furiis,
896 3447 983 3503 furore,
995 3448 1228 3515 graviusestqusm,

182 3519 268 3567 lucere.
729 3520 793 3583 quod
803 3521 859 3568 olim
873 3521 997 3578 edebatur,
1009 3523 1071 3579 loris,
1082 3538 1228 3589 quamquem

213 3593 350 3641 259-262.
368 3593 437 3642 Nove
447 3593 572 3643 invocatio.
606 3595 680 3643 Morti
730 3594 793 3658 apud
814 3594 872 3644 alios
890 3605 996 3644 auctores
1014 3597 1114 3645 ἰοτοηιπι
1136 3613 1229 3665 quoque

182 3664 285 3714 &odiro
300 3665 357 3713 lecti
375 3676 441 3715 erant
458 3667 524 3724 Salii,
542 3667 594 3717 Lis.
607 3669 624 3715 i.
639 3671 678 3717 20.
729 3668 817 3715 mentio
831 3669 866 3725 fit,
878 3669 917 3717 ubi
933 3668 1059 3733 Hippolyti
1075 3685 1159 3719 necem
1174 3686 1229 3719 nar·

180 3747 206 3785 et
219 3737 243 3785 in
260 3738 312 3786 arde
328 3739 380 3804 ejus
394 3755 459 3788 arma
475 3741 583 3790 crelestia
599 3757 677 3789 serva·
730 3749 790 3788 rant.
823 3741 952 3806 Sequentia
968 3744 1040 3789 uallis
1054 3745 1131 3791 initur
1146 3744 1231 3809 (vulgo

181 3810 276 3860 bantur.
308 3813 347 3861 De
364 3813 481 3861 Mamurio
495 3814 679 3863 videser.38³.
729 3815 821 3877 oditrrr)
834 3819 904 3878 equis,
915 3824 981 3864 notat
994 3816 1068 3864 etiam
1081 3816 1134 3882 ipse
1145 3817 1231 3883 virgil.

181 3884 267 3948 Egeria
277 3902 331 3933 mor
344 3887 677 3950 NymphoentDeovocatnr;
728 3902 801 3937 causa
818 3889 913 3938 addita:
936 3889 1034 3939 “Unde
1052 3891 1126 3939 etiam
1142 3891 1229 3940 Tririm

181 3971 235 4005 mor
249 3957 325 4006 Musis
338 3969 505 4008 annumeratur
512 3978 520 4020 ;
540 3961 642 4024 Dionys.
654 3961 679 4011 ii.
729 3963 817 4027 templo
838 3963 945 4028 lucisque
964 3965 1062 4013 sacratis
1083 3965 1232 4032 Cornipedcs

182 4029 222 4077 60.
256 4030 279 4077 A
294 4030 345 4079 Lis.
360 4031 376 4079 i.
386 4031 541 4081 21.cuncilia
555 4033 678 4082 Musamm
728 4045 837 4084 arcentur
864 4038 929 4102 equi,
948 4038 1011 4102 qnod
1038 4038 1109 4088 litore
1136 4055 1232 4089 currum

181 4116 236 4149 cum
247 4103 332 4167 Egeria
344 4115 508 4152 memorentur.
535 4103 603 4152 Idem
614 4122 677 4154 eam·
728 4110 759 4157 Et
773 4111 886 4174 juvenem
900 4112 1009 4162 monstris
1025 4113 1108 4178 pavidi
1125 4113 1232 4167 effudere

179 4173 235 4223 dem
255 4188 280 4225 et
299 4179 416 4241 conjugem
434 4176 520 4226 Numa
542 4189 620 4236 vocat,
636 4181 676 4229 ubi
727 4185 849 4234 marinis.’'
