2806 5018
172 341 241 427 loa
426 350 505 418 o1³.
528 346 693 417 culon
715 336 932 415 ussonrs*

177 527 256 614 Sic,
272 524 447 625 quamvis
463 526 597 612 aberat
612 522 762 623 placitae
778 518 1141 620 prasentiaformae,

226 642 350 728 Quem
367 641 526 716 dederat
543 664 710 740 praeaens
727 636 858 745 formu,
877 637 1059 713 manebat
1074 658 1190 713 amor.

174 758 317 848 Ardet3
345 768 387 832 et
402 757 532 855 injusti
550 756 714 830 stimulis
728 746 894 852 agitatus
912 753 1065 840 amoris,

227 874 435 973 comparat
451 872 606 970 indigno
618 873 772 968 vimque
789 881 1010 967 metumque
1022 879 1125 943 toro:
1149 872 1172 943 7
1175 873 1219 941 80

177 988 315 1064 Exitus
332 990 372 1063 iu
389 990 505 1064 dubio
523 999 603 1065 eat:
633 988 858 1063 audebimus
875 986 1020 1072 ultima,
1038 984 1160 1074 dixit;

225 1104 385 1193 Viderit,
404 1107 590 1181 audentes
607 1105 733 1180 forsue
747 1104 904 1178 Deusne
917 1104 1037 1200 juvet.

178 1221 361 1321 Cepimus
379 1223 553 1297 audendo
573 1223 717 1297 Gabios
735 1243 902 1320 quoque.
944 1216 1056 1292 Talia
1072 1216 1187 1302 fatua,

228 1336 332 1412 Ense
348 1339 447 1412 latus
464 1338 583 1435 cingit
597 1365 607 1428 ;
636 1348 819 1434 tergaque
836 1333 977 1434 pressit
991 1332 1099 1430 equi.

116 1446 121 1453 ’
175 1450 328 1551 Accipit
344 1463 458 1526 aurata
469 1454 647 1550 juvenem
666 1451 832 1526 Collatia
847 1458 968 1548 porta,
1151 1450 1221 1524 785

226 1566 402 1641 Condere
416 1569 496 1664 jam
513 1568 636 1641 vultus
654 1568 735 1641 sole
751 1576 908 1665 parante
926 1586 1030 1637 suos.

173 1679 319 1769 Hostis,
337 1692 381 1756 ut
396 1683 546 1782 hospes,
565 1683 635 1758 init
649 1683 857 1783 penetralia
874 1677 1079 1755 Collatini:

228 1796 398 1872 Comiter
414 1798 626 1898 excipitur:
656 1798 839 1896 sanguiue
852 1798 1011 1894 junctus
1028 1804 1126 1869 erat.

178 1913 373 1999 Quantum
390 1914 525 1988 animis
543 1915 678 1990 erroris
694 1914 813 1988 inest!
840 1921 950 2011 parat
964 1909 1087 1984 inscia
1102 1930 1223 1985 rerunt

230 2029 518 2129 Infelixtepulas
535 2031 707 2104 hostibus
725 2029 790 2102 illa
808 2028 900 2102 suis.
981 2074 983 2079 ·
1156 2030 1224 2101 790

181 2141 350 2219 Functus
363 2146 631 2245 eratdapibua:
647 2153 810 2243 poscunt
822 2167 892 2217 sua
900 2152 1073 2239 tempora
1085 2139 1221 2216 somni:

231 2259 429 2346 Noxcrat,
449 2271 489 2334 et
506 2269 587 2334 tota
602 2261 745 2334 lumina
761 2258 865 2332 nulla
881 2257 1007 2332 domo.

182 2373 322 2469 Surgit,
341 2383 381 2447 et
397 2385 570 2448 auratum
587 2375 723 2472 vagina
740 2374 874 2447 liberat
891 2395 1021 2446 ensem
1037 2399 1047 2459 ;

229 2486 399 2581 Etvenit
416 2490 454 2563 iu
471 2489 669 2579 thalamoS,
686 2497 805 2588 nupta
822 2487 972 2588 pudica,
991 2497 1092 2560 tuos.

178 2720 226 2762 stro
241 2714 278 2764 vel
295 2715 382 2765 africo:
409 2718 533 2776 “Quibus
547 2719 598 2783 jam
615 2716 675 2766 nihil
725 2714 809 2763 Heius.
831 2710 902 2761 unius
922 2709 1012 2761 Medic.
1031 2710 1175 2761 auctoritate
1198 2710 1223 2758 iu

177 2784 320 2851 spirantibus
330 2788 400 2838 nudae
412 2797 492 2839 tarueu
506 2792 575 2840 lectra
586 2790 675 2840 diutius
726 2787 843 2836 Collatino
855 2783 964 2842 mutavit,
975 2783 1031 2850 quis
1046 2791 1072 2833 et
1083 2784 1153 2849 Virg.
1164 2785 1219 2833 AEu.

178 2867 280 2918 tument,
288 2869 418 2911 etaveuto
446 2863 526 2913 uidem
533 2863 674 2928 jamdudum
724 2861 756 2911 vi.
772 2862 838 2919 7443
867 2858 1029 2908 “Collatinus
1050 2858 1137 2906 υπς’*
1156 2856 1222 2905 dixit.

178 2925 312 2990 tranquilla²
332 2935 396 2983 aunt,
407 2879 448 2976 aed
467 2943 532 2977 mura
548 2937 584 2977 est
602 2929 675 2976 etiam
725 2935 760 2984 At
769 2934 836 2998 Virg.
843 2941 917 2982 totam
928 2932 1011 2981 urbem
1023 2930 1154 2986 intellexit,
1164 2931 1221 2979 Nor·

178 3005 250 3063 atque
259 2998 330 3048 etiam
340 2999 536 3049 undabuudum.”
724 3016 760 3057 ter
770 3007 839 3056 unius
851 3005 962 3055 Collatini
973 3005 1079 3053 domum.
1108 3005 1222 3069 &agatae

211 3071 268 3122 779.
282 3073 337 3122 Liv.
349 3074 416 3124 b59.
426 3073 471 3123 hoc
487 3074 565 3140 ipsunt
575 3076 675 3142 Tarqui·
717 3086 825 3145 juratur.
848 3078 956 3144 ligerius,
968 3077 1083 3129 Collatini
1093 3087 1170 3144 puter,
1181 3077 1223 3126 lra-

91 3182 96 3190 .
177 3143 212 3192 nii
239 3143 331 3196 lucinus
357 3151 444 3214 regiam
471 3150 583 3210 injurtam
599 3158 677 3199 vocat.
726 3165 762 3204 rer
771 3153 894 3219 Tarquinii
910 3153 985 3202 Prisci
999 3153 1086 3210 luerat,
1096 3154 1168 3218 cujus
1184 3167 1222 3200 no·

180 3217 310 3282 comparat,
324 3230 400 3287 parat.
435 3222 544 3288 indigna,
559 3222 602 3288 qui
619 3221 678 3272 tulin
726 3229 863 3294 posSextua
872 3225 1024 3292 Tarquinius.

178 3307 228 3341 non
246 3295 388 3344 merebatur.
422 3295 499 3344 Paulo
515 3304 568 3360 post
582 3297 678 3346 volebat
759 3303 816 3351 793.
835 3302 896 3350 Tam
914 3301 963 3358 hic,
984 3316 1058 3366 quum
1076 3302 1181 3350 Melana.
1194 3297 1224 3347 ri.

178 3363 269 3421 dicare,
282 3367 424 3417 audentibus
443 3368 523 3417 omnia
539 3369 678 3419 succedunt.
727 3377 784 3425 551.
794 3373 835 3423 alii
851 3375 921 3424 Mss.
936 3374 1025 3423 babent
1041 3377 1129 3437 deripit
1144 3390 1222 3424 m

180 3437 261 3502 Vulgo
278 3455 414 3489 successum
428 3439 496 3490 illum
511 3442 619 3491 Fortuna
635 3443 677 3491 tri-
727 3449 776 3497 Sed
786 3464 851 3497 nuuc
860 3464 937 3497 serruo
946 3464 993 3497 nou
1003 3456 1040 3497 eat
1049 3448 1225 3499 devehamus

180 3511 378 3579 buchaut,fortes
391 3515 494 3563 Fortuna
506 3520 590 3578 juvat:
606 3517 678 3565 sexto
726 3520 827 3587 impetu.
871 3521 901 3570 In
920 3521 997 3570 verbis
1016 3521 1084 3570 Sexti
1106 3522 1160 3573 Lis.
1176 3522 1225 3570 sse

181 3583 280 3648 perinde
301 3595 345 3644 est,
367 3588 480 3653 quiahoc
497 3589 678 3646 tacianum
727 3593 816 3644 habet:
839 3601 856 3623 ‘⁴
867 3596 953 3644 Sextus
979 3593 1126 3659 Tarquinius
1151 3594 1226 3645 sunt-'⁹

183 3657 284 3708 Damae.
321 3662 408 3710 Viderit
419 3679 464 3712 vor
476 3663 535 3727 ejua.
546 3664 587 3729 qui
598 3680 678 3713 curum
728 3668 774 3716 Pro
784 3667 814 3716 iis
824 3667 897 3717 Ouid.
910 3668 1091 3732 Tarquiniusque
1102 3669 1141 3718 vc]
1151 3684 1224 3723 m,

181 3730 216 3778 rei
232 3729 256 3779 iu
274 3732 347 3781 aliurn
362 3733 447 3799 rejicit.
473 3736 536 3785 Vide
553 3737 678 3787 Heiuainru
728 3741 767 3789 vel
786 3758 799 3791 e
815 3743 872 3791 lect.
887 3743 1013 3791 Pembroc.
1030 3741 1093 3808 Bag.
1107 3743 1227 3793 Petunet

183 3803 247 3852 adl.
259 3821 288 3853 ex
298 3807 381 3864 Ponto,
393 3808 418 3856 ii.
427 3810 454 3857 9.
728 3815 835 3874 aliorum,
857 3833 929 3881 quam
952 3818 1107 3866 Burmannus
1127 3817 1226 3882 recepit,

215 3879 272 3929 765.
283 3882 374 3943 Accipit
384 3899 425 3930 uos
436 3883 509 3938 locus,
521 3898 592 3947 quern
601 3883 678 3948 iugra-
730 3890 823 3951 topicen
841 3905 894 3954 quae
916 3889 964 3938 duo
982 3889 1067 3938 eodem
1086 3905 1160 3940 seusu
1173 3890 1228 3957 capi

182 3952 269 4002 dimus.
297 3955 566 4011 AErota,aercobducta.
594 3957 679 4014 Hostia,
728 3973 834 4027 possunt.
874 3965 958 4012 Burm.
978 3966 1127 4013 tamensim
1146 3966 1231 4031 quari

172 4020 211 4072 ‘nt
222 4027 304 4086 botpar.
333 4027 379 4076 Hic
391 4027 495 4084 lusus‚in
506 4043 555 4092 quo
564 4028 599 4076 vis
609 4030 678 4087 iucst,
728 4037 752 4083 iu
769 4053 826 4087 voce
844 4040 937 4101 lquor:
954 4038 1062 4094 Sextum,
1076 4047 1105 4087 nt
1121 4039 1171 4088 viru
1188 4039 1229 4088 ad·

183 4097 275 4162 placuit
290 4100 362 4148 atium
380 4100 455 4157 Livio,
467 4101 507 4164 qui
519 4108 535 4129 ‘¹
548 4101 622 4150 hostia
637 4121 679 4168 pro
728 4109 795 4160 deret
808 4112 893 4167 verbis,
907 4110 996 4160 dixisse
1012 4112 1111 4161 sublata
1127 4113 1232 4163 insoleu-

183 4170 275 4238 bospite
292 4173 539 4240 ministriqueetcss’
567 4176 678 4227 Collatini
728 4182 775 4232 tius
794 4199 862 4245 roae,
881 4200 907 4236 ω
932 4183 1007 4251 loqui,
1026 4185 1190 4252 Ttrquinluut
1206 4197 1233 4240 st
