2806 5018
854 230 868 259 Ο

358 389 619 456 FAsroRUtr
643 392 735 459 LIB.
760 393 829 459 111.
1056 399 1121 464 161

64 559 258 648 Sithonas,
276 572 316 634 et
341 561 542 661 Scythicos
566 566 720 662 longum
744 590 963 643 enumerare
986 571 1116 644 trium-

115 675 166 750 Et
181 676 344 751 domitas
363 690 507 775 gentes,
526 681 655 756 turifer
673 683 779 770 Inde,
799 696 897 758 tuas.
981 687 1115 783 [phos;

59 788 119 863 'l'u
137 788 499 889 quoque'Thebanae
517 797 616 869 mala
632 796 760 895 praeda
776 800 952 873 tacebere
969 800 1112 888 matris,

44 915 47 920 “
112 905 235 1003 Inque
252 918 361 980 tuum
377 908 482 982 furiis
501 923 597 999 acte,
618 911 804 1011 Lycurge,
823 938 936 1010 genu.

60 1019 164 1095 Ecce
182 1022 437 1096 libetsubitos
454 1026 579 1123 pisces
597 1022 869 1125 Tyrrhenaque
887 1040 1056 1103 monstra

21 1180 25 1192 ·
112 1136 272 1212 Dicere:
301 1139 461 1211 sednon
478 1152 537 1214 est
554 1141 729 1214 carminis
746 1142 858 1240 hujus
876 1167 984 1240 opus.

63 1251 254 1326 Carminis
269 1254 380 1350 hujus
391 1277 499 1352 opus,
511 1278 645 1329 causas
657 1279 890 1354 expromere,
902 1281 1020 1355 quare
1038 1262 1112 1332 725

99 1367 207 1440 ‘Vilis
225 1390 320 1440 anus
337 1368 496 1466 populos
515 1370 562 1444 ad
581 1394 650 1444 sua
665 1372 742 1443 liba
758 1382 879 1446 vocet.

62 1484 163 1556 Ante
181 1494 266 1556 tuos
283 1493 387 1556 ortus
404 1507 477 1557 arae
495 1485 578 1559 sine
596 1486 737 1560 honore
754 1485 916 1573 fuerunt,

109 1598 235 1686 Liber,
251 1609 291 1672 et
307 1599 345 1671 in
364 1599 498 1696 gelidis
517 1601 633 1675 herba
649 1613 798 1700 reperta
814 1601 920 1675 focis.

56 1713 114 1787 Te
131 1709 350 1800 memorant,
371 1715 680 1814 Gangetotoque
699 1717 855 1791 Oriente
875 1718 1044 1805 subacto,

105 1829 300 1903 Primitins
316 1853 453 1926 magno
470 1831 684 1928 seposuisse
702 1830 798 1906 Jovi.
1033 1837 1107 1906 730

56 1945 247 2019 Cinnama
263 1955 304 2017 tu
321 1945 476 2042 primus,
495 1945 721 2043 captivaque
738 1958 823 2020 turo
839 1946 992 2030 dedisti,

108 2060 247 2158 Deque
263 2059 493 2158 triumphato
509 2059 653 2135 viscera
670 2074 771 2134 tosta
786 2061 893 2134 bove.

85 2371 146 2419 719.
164 2369 297 2432 Raesgests
310 2368 409 2417 Bacchi.
435 2368 522 2416 Furore
532 2366 554 2417 ei
604 2376 674 2416 cutus
684 2376 728 2417 est.
761 2368 885 2433 Depoena
899 2367 921 2416 ei
936 2365 1004 2416 illata
1017 2365 1107 2415 dietum

50 2445 175 2494 aJuuone
189 2441 285 2508 injecto,
297 2443 438 2506 AEgypturn,
448 2439 551 2505 Syriam,
604 2439 634 2487 ad
652 2441 754 2489 Metam.
769 2442 802 2489 iv.
817 2441 858 2488 22.
890 2439 1028 2489 Secundum
1048 2455 1106 2488 non-

51 2516 183 2583 Phrygiam
209 2515 352 2580 peragravit,
379 2522 404 2563 et
429 2513 486 2562 inde
512 2529 555 2578 per
604 2515 760 2564 nolloscrura
772 2514 817 2563 ulti
833 2514 966 2581 amputarit
979 2514 1054 2581 falce:
1072 2515 1107 2565 sie

47 2589 179 2640 Thraciam
195 2587 226 2638 ad
236 2587 309 2637 Indos
324 2586 427 2644 devenit,
440 2603 453 2635 a
468 2586 555 2653 quibus
603 2599 667 2638 uetur
678 2598 714 2638 est
725 2588 749 2636 in
759 2606 821 2654 geno
831 2605 909 2638 suum.
930 2589 1019 2637 Solitos
1028 2593 1106 2650 pltoes,

49 2662 149 2713 llaebas
157 2660 237 2711 rediit.
269 2661 323 2710 lloe
333 2661 378 2709 iter
388 2660 490 2709 breviter
500 2675 553 2708 nar·
602 2670 649 2711 eto.
680 2661 813 2726 Tyrrhenos
824 2671 908 2711 nautas
923 2661 1001 2711 subito
1012 2661 1037 2710 in
1052 2661 1105 2711 dol·

51 2734 420 2802 nritApollodorus,111.v.5;
437 2735 554 2799 copiosius
605 2735 690 2800 phines
717 2735 911 2784 transformatos:
945 2736 1048 2785 Metam.
1069 2735 1106 2786 iii.

50 2810 174 2860 Diodorus
194 2807 297 2866 Siculus,
313 2808 347 2857 iv.
364 2817 389 2856 et
407 2807 508 2855 Nonnus
529 2807 555 2855 in
605 2811 653 2858 597
664 2825 717 2874 sqq.

50 2882 196 2949 Dionysiae.
240 2883 342 2930 Sitltorm
367 2881 417 2929 rire
444 2881 552 2938 Sithonii,
639 2883 696 2931 726.
712 2883 789 2931 Varro
799 2882 842 2931 lib.
851 2899 875 2931 v.
883 2881 913 2931 de
924 2883 996 2948 Ling.
1007 2882 1106 2946 Latius:

48 2973 111 3022 geas
128 2955 238 3004 Thracis
258 2954 289 3003 sd
308 2965 406 3019 pontum
426 2955 553 3011 Euxinum,
607 2963 623 2984 “
636 2955 756 3004 Liberalia
767 2956 839 3012 diota,
850 2956 914 3021 quod
925 2972 967 3022 per
976 2964 1052 3004 totum
1063 2973 1107 3021 op·

49 3046 129 3096 enque
137 3028 349 3094 compotationibus
357 3027 453 3085 deditn;
470 3027 553 3076 Horat.
604 3029 686 3093 pidum
698 3044 726 3077 eo
736 3028 776 3077 die
785 3029 869 3078 sedent
875 3028 1010 3077 sacerdotes
1017 3028 1105 3086 Liberi,

48 3103 243 3154 1.0d.xviii.9.
265 3102 303 3150 De
314 3112 366 3150 ture
380 3102 445 3149 Plin.
455 3101 550 3150 xitso:
603 3100 691 3149 beders
710 3112 826 3149 coronate
850 3117 917 3155 anus,
935 3115 989 3148 eum
1008 3100 1063 3149 libis
1080 3109 1106 3149 et

47 3185 63 3207 ¹⁴
74 3187 140 3232 tora,
151 3184 236 3241 pretor
248 3175 370 3230 Arabiam,
387 3173 466 3230 nullis,
478 3190 506 3223 uc
522 3190 552 3224 ns
600 3176 680 3224 loculo
690 3191 732 3240 pro
742 3183 830 3223 emtore
841 3173 1024 3222 sacrificantes?
1051 3175 1103 3222 Ho-

48 3249 146 3299 nabin
168 3247 264 3313 quidem
283 3247 424 3296 uuiversae.”
457 3247 551 3312 Nempe
602 3265 653 3298 rurn
668 3248 739 3312 igitur
754 3247 899 3311 singulorum
913 3261 991 3294 causta
1005 3244 1045 3295 hic
1061 3262 1104 3295 er·

46 3324 112 3372 Saba
123 3321 188 3386 regio
199 3321 310 3382 turilers3
327 3337 350 3368 v.
358 3337 413 3385 sup.
424 3320 455 3368 ad
466 3320 483 3368 i.
494 3323 550 3370 341.
601 3329 747 3388 promuntur.
779 3320 818 3368 De
836 3319 924 3382 origine
940 3326 964 3366 et
978 3333 1102 3390 progressu

45 3396 94 3445 &d
106 3394 179 3444 India
194 3393 298 3458 antiquis
314 3394 390 3443 omnis
400 3402 462 3444 terra
473 3394 550 3442 on'en·
600 3410 718 3444 sacrorum
735 3394 768 3444 cl.
784 3394 800 3442 i.
811 3394 859 3441 337
876 3408 931 3457 sqq.
947 3407 1000 3457 quae
1018 3392 1049 3440 ab
1067 3391 1104 3442 hia

46 3469 111 3526 talis,
123 3466 231 3534 inprimis
244 3467 429 3516 in'austrslibns
445 3468 551 3533 partibus
601 3467 747 3533 discrepant.
782 3467 881 3522 Gelidir,
904 3475 953 3513 etc.
987 3464 1017 3513 In
1044 3465 1103 3513 socia

44 3542 102 3592 ita.
131 3540 194 3591 Vide
205 3540 292 3607 Cuperi
303 3541 428 3590 Observut.
438 3540 472 3589 iv.
485 3541 509 3589 7.
601 3542 674 3590 herle
700 3541 881 3594 coercebantur,
901 3537 959 3602 quis
980 3552 1102 3601 nunquam

79 3616 138 3663 ⁷21.
152 3614 192 3663 De
204 3614 313 3670 Pentheo,
323 3613 478 3662 Thebanorum
486 3628 549 3677 rege,
601 3613 800 3663 accendebnntur.
833 3613 880 3660 Pro
898 3614 1015 3672 reprom
1029 3610 1102 3659 MSS.

43 3704 129 3755 quem,
139 3703 214 3753 quum
223 3686 390 3736 Bacchisacra
400 3685 475 3735 nollet
486 3687 549 3735 seci-
599 3686 694 3752 plurimi
710 3690 862 3749 supposuisse,
880 3684 922 3733 sed
939 3685 1038 3734 alterurn
1053 3685 1103 3733 ele-

44 3763 122 3828 petes
131 3760 184 3826 ipsa
204 3770 277 3808 motor
295 3759 386 3824 Agave,
404 3760 428 3807 in
449 3760 549 3808 furorem
599 3771 683 3825 gauter
691 3761 720 3809 de
728 3759 766 3816 iis,
774 3776 827 3825 que
836 3759 984 3808 destinantur
992 3756 1022 3807 ad
1031 3774 1100 3807 usum

44 3835 144 3890 meas,
160 3833 309 3889 dilaceravit,
325 3830 380 3880 iride
397 3834 498 3881 Metam.
516 3832 549 3882 iii.
600 3834 715 3898 aliquem.
738 3832 802 3882 Vide
814 3832 894 3881 nosad
904 3831 1016 3886 Plinium,
1027 3845 1101 3895 pane-

39 3908 91 3957 511
105 3921 161 3970 sqq.
195 3906 353 3962 Praedonem
364 3904 485 3954 Pentheus
499 3920 549 3953 mn·
600 3922 651 3971 gyr.
662 3907 713 3955 lvii.
725 3907 750 3954 4.
786 3905 922 3953 cinnamum
935 3904 1045 3952 mittebat
1056 3903 1100 3951 AE·

38 3979 72 4029 tri
91 3978 218 4028 ridebatur
236 3994 301 4045 aper.
334 3978 465 4043 insurgo,
481 3979 545 4027 mo·
598 3979 706 4046 thiopia;
734 3979 836 4035 Plinius,
857 3978 898 4027 xii.
918 3979 956 4028 19.
989 3977 1028 4025 De
1048 3977 1100 4024 bone

37 4051 136 4104 nomin
146 4051 250 4101 Thracia
261 4051 381 4108 remites
391 4067 472 4101 ornnes
482 4052 547 4101 exei·
596 4053 695 4102 mactari
711 4062 791 4119 eoepto
807 4051 870 4101 conl.
885 4051 985 4101 Metam.
999 4065 1038 4097 xv.
1052 4049 1097 4097 tre

34 4127 85 4184 dit,
95 4125 237 4190 Bocchique
248 4126 351 4176 nutrices
362 4126 458 4192 bipenni
470 4141 547 4192 perso·
596 4143 650 4193 sqq.

76 4199 158 4248 vo1„
175 4198 209 4247 V.
694 4201 717 4248 Y
