2806 5018
173 349 238 413 too
567 341 823 409 Excnnsus
843 390 849 401 .

179 529 301 603 usipus
315 518 390 581 inde
405 516 480 588 (lici,
496 517 550 580 vix
564 516 758 581 monendum
772 523 834 578 est.
877 513 975 594 Quod
991 513 1022 577 ri
1033 511 1141 598 igitur
1152 509 1220 575 linc

176 621 278 705 prima
292 620 362 703 ejus
376 619 463 683 notio
478 628 558 693 erat,
573 628 610 681 ut
625 619 757 702 primam
772 616 839 680 diei
851 615 957 680 lucem
970 615 1172 698 designaret.
1186 621 1221 676 et

175 722 252 787 iuda
276 721 415 793 Matuta.
433 720 465 784 id
490 729 550 792 est,
573 718 690 792 lucido,
710 717 887 802 splendido,
909 723 960 799 (ut
981 717 1084 781 solem
1109 713 1219 780 Greci

175 829 275 904 φοῖβον,
290 823 502 906 splendidum,
518 821 733 905 appellabant)
746 821 926 893 diceretnr;
947 818 1043 883 facile
1058 817 1218 901 conjicere

175 927 263 1000 licet,
279 926 440 1009 quomodo
454 947 527 989 cnm
543 928 670 998 Λευκοθέᾳ
686 923 873 988 Groecorum
888 929 1085 985 commutata
1097 921 1153 992 sit,
1168 919 1218 983 cui

175 1027 413 1092 commutationi
431 1026 629 1090 hauddubie
650 1025 783 1089 nominis
803 1024 992 1108 significatio
1008 1043 1123 1087 ausam
1140 1042 1219 1105 prra-

176 1129 293 1202 bebat;
321 1150 397 1192 mox
419 1128 483 1192 dici
508 1139 651 1210 coeptum
673 1135 724 1190 est
745 1125 963 1190 Leucotheam
987 1146 1062 1188 cum
1089 1122 1220 1188 Matuta

177 1232 324 1296 eamdem
337 1251 420 1304 esse,
436 1239 471 1294 et
485 1230 601 1293 sabula
617 1228 743 1292 Graecae
759 1229 800 1291 de
815 1226 876 1290 Ino
890 1227 959 1290 sive
973 1224 1166 1290 Leucothea
1178 1224 1217 1287 ul

176 1331 327 1398 Matralia
354 1332 451 1396 etiam
481 1331 627 1395 Romana
655 1330 788 1393 transire
818 1340 942 1392 mature
971 1336 1166 1412 coeperunt,-
1182 1334 1218 1390 ut

177 1436 366 1497 ceremoniae
389 1433 482 1516 hujus
504 1433 578 1496 festi
600 1432 757 1495 solemnes
777 1430 882 1512 (Fast.
900 1429 942 1493 vi.
960 1427 1053 1505 481.)
1074 1429 1117 1493 ad
1140 1427 1216 1492 Inar

175 1534 313 1599 fabulam
340 1535 540 1608 adludentec
569 1544 604 1598 et
633 1533 760 1598 Graecoe
792 1533 918 1616 proprie
953 1531 1085 1615 originis
1112 1530 1213 1613 (Plut.

178 1635 301 1716 Quaest.
318 1635 413 1699 Rom.
429 1636 497 1711 16.)
510 1645 620 1718 aperta
635 1636 785 1719 produnt
830 1633 914 1713 Qnoe
927 1633 955 1696 si
969 1633 1165 1697 ceremoniae
1178 1631 1215 1695 ad

176 1736 280 1820 ipsum
297 1737 444 1802 Servium
461 1738 573 1821 templi
593 1738 789 1803 conditorem
809 1737 994 1820 adsurgunt,
1014 1734 1215 1819 interpolatio

177 1837 369 1907 Graeculae
386 1840 455 1923 ipso
472 1845 523 1918 (ut
538 1861 574 1902 re
591 1861 666 1903 vera
681 1838 821 1916 videtur)
837 1837 997 1920 antiquior
1013 1856 1089 1900 eme
1110 1836 1214 1900 debet.

178 1938 293 2004 Cultus
319 1940 507 2005 Volscorum
535 1963 576 2005 aa
604 1963 692 2005 more
718 1940 835 2006 Graeco
864 1940 1047 2004 celebratur
1075 1939 1131 2013 sit,
1156 1956 1214 2002 oon

176 2052 320 2126 apparet.
654 2020 662 2061 k·
930 2110 934 2118 ,

220 2145 260 2210 In
276 2147 405 2211 Sabinas
419 2147 524 2231 gentis
538 2145 728 2220 numinibus,
741 2145 834 2230 hujus
846 2145 950 2230 gentis
961 2152 1074 2208 auctor
1083 2145 1213 2215 Sancus,

178 2250 218 2312 ob
234 2249 386 2332 templum
406 2250 490 2332 quod
508 2248 621 2312 Romae
639 2246 759 2321 habuit,
775 2257 809 2311 ct
826 2247 925 2310 varias
940 2247 1011 2329 ejus
1028 2245 1214 2328 interpreta-

177 2349 279 2412 tiones
299 2349 426 2412 celeber
447 2358 514 2423 est3
536 2348 640 2431 (Fast.
656 2348 698 2411 vi.
716 2347 791 2411 213.
805 2348 897 2424 214.)
941 2347 994 2410 De
1016 2347 1213 2430 popularium

176 2451 265 2514 cultu
280 2449 368 2513 locus
383 2450 514 2532 insignis
529 2451 613 2533 apud
630 2448 688 2513 Sil.
701 2449 765 2512 viii.
776 2448 851 2513 421.
882 2448 993 2522 Ibunt,
1008 2458 1042 2512 et
1056 2449 1128 2513 laeti
1135 2467 1214 2533 porr

175 2552 313 2616 Sancum
337 2573 408 2614 uoce
433 2551 585 2615 machont
607 2554 779 2615 Auctorem
796 2552 1013 2637 pentiapors
1032 2551 1144 2615 laudes
1163 2571 1213 2614 ore

166 2651 329 2737 suebant,
346 2652 437 2724 Sabe,
455 2661 538 2724 tuos,
554 2662 616 2715 etc.
631 2652 713 2716 Coll.
730 2652 876 2716 Lactant.
894 2653 920 2716 Ι.
935 2674 989 2716 xv.
1006 2674 1073 2716 sec.
1087 2653 1130 2729 8;
1151 2652 1212 2737 qni,

176 2763 212 2818 ut
231 2753 376 2817 Faunum
398 2753 531 2827 Latinae,
552 2753 722 2833 Quirinum
745 2753 910 2826 Romanae,
926 2755 972 2817 ita
992 2754 1138 2818 Sancum
1158 2755 1212 2818 Ss-

177 2857 258 2919 binae
277 2857 380 2940 gentis
398 2866 561 2920 auctorem
578 2865 680 2920 vocat.
725 2856 863 2920 Romani
881 2857 1108 2939 etymologiam
1125 2855 1212 2939 hujus

175 2959 310 3023 nominis
325 2959 453 3042 proprii,
466 2960 553 3042 quod
568 2960 636 3021 sere
652 2980 724 3021 cum
736 2959 830 3021 Anco
840 2959 981 3036 (nomine
992 2959 1072 3022 item
1085 2958 1213 3029 Sabino)

175 3060 344 3124 convenire
368 3061 504 3132 videtur,
528 3060 732 3123 associando
755 3069 945 3144 quaerentes,
966 3061 1042 3123 inde
1064 3081 1141 3123 enm
1159 3059 1212 3123 Jo-

174 3184 257 3236 vem,
276 3162 515 3226 sanciendornm
534 3163 694 3226 foederum
713 3164 892 3246 praesidem,
912 3163 1210 3244 interpretabantur,

172 3274 207 3327 et
230 3265 354 3327 foedera
375 3265 406 3327 ei
428 3285 518 3326 sacra
540 3264 704 3347 putabant.
752 3263 885 3348 Dionys.
904 3261 968 3325 IV.
986 3284 1058 3345 cap.
1084 3262 1161 3326 lviii.
1182 3283 1210 3344 p.

173 3366 257 3440 2573
280 3366 324 3429 lx.
339 3387 369 3447 p.
382 3364 456 3428 6l7.
474 3366 514 3439 (ἐν
529 3373 583 3442 ἱερῷ
593 3369 649 3432 Διὸς
661 3370 769 3423 Πιστίου
780 3365 807 3423 ir
819 3373 937 3440 Ῥωμαῖοι
952 3369 1071 3439 Eriperes
1081 3365 1210 3438 καλοῦσι.)

175 3468 254 3530 Post
282 3488 352 3530 eam
380 3467 672 3547 interpretationem
702 3467 830 3528 demum
859 3465 912 3527 dei
942 3463 1038 3537 Fidii‚
1069 3463 1210 3528 Fidion's

173 3589 289 3631 nomen
308 3569 337 3631 ei
356 3568 490 3631 inditum
506 3566 642 3640 videtur,
659 3574 753 3629 etex
771 3589 811 3630 eo
830 3575 899 3629 orta
916 3565 1125 3628 commutatio
1142 3583 1211 3628 cum

176 3668 332 3740 Hercule.
359 3691 456 3751 quem
485 3669 517 3730 iu
542 3668 749 3751 jurejurando
775 3668 852 3730 alias
879 3667 1030 3729 invocare
1059 3666 1211 3730 solebant

173 3769 445 3852 Frequentissima
458 3770 595 3832 omnium
607 3769 674 3832 ltaec
686 3769 899 3841 commutatio,
914 3777 948 3831 et
959 3768 1086 3830 Sancus
1097 3766 1211 3850 passim

172 3871 295 3933 nonnisi
312 3891 485 3953 cognomen
503 3870 654 3934 Herculis
671 3870 859 3953 putabatur;
881 3869 968 3953 quod
983 3868 1134 3950 Propert.
1151 3865 1210 3930 lV.

173 3974 218 4037 ix.
238 3973 289 4035 74.
309 3973 348 4034 ab
370 3972 445 4034 orbe
465 3982 618 4035 terrarum
640 3972 783 4034 manibus
805 3972 870 4033 suis
892 3971 1077 4043 sanciendo,
1099 3971 1132 4033 id
1154 3978 1213 4040 ast,

174 4077 349 4162 purgando,
361 4074 493 4138 derivat.
509 4075 548 4156 (l)
577 4074 675 4137 Aliud
693 4096 869 4158 cognomen
884 4075 986 4149 Sento,
997 4073 1105 4136 Sanco
1120 4073 1215 4154 vulgo
