2806 5018
335 361 389 426 IN
413 361 574 427 OVIDII
601 361 788 427 FASTOS.
1018 361 1083 427 867

351 635 680 710 EXCURSUS
715 574 798 709 ΙΙ..

154 841 282 898 tntODIS,
299 841 374 890 QUAE
391 841 435 884 An
452 842 558 885 ovmu
578 841 928 885 lNTEltPltETA‘l‘IONEM
949 842 1084 885 Euovls

224 968 419 1017 QUIBUSDAM
436 968 609 1011 PRAESlDllS
626 969 897 1012 REDUNDARUNT.

154 1143 265 1208 ΗΕΒ
284 1165 470 1227 magnorum
489 1144 628 1209 virorum
648 1165 750 1217 curas,
772 1144 887 1227 quibus
905 1144 1015 1208 multo
1033 1168 1085 1209 res

154 1246 320 1310 srtinentes
340 1245 472 1329 egregie
494 1245 659 1309 illustratae
681 1255 765 1316 sunt,
787 1246 880 1310 aliam
900 1246 989 1310 fastis
1010 1269 1086 1311 con·

179 1347 349 1422 fortunam,
380 1369 423 1411 ex
456 1349 639 1411 accessione
672 1369 824 1420 novorum
854 1349 1084 1432 praesidiorum,

154 1472 171 1513 ι.
192 1450 210 1513 Ι.
233 1451 339 1513 statim
361 1450 528 1534 attingam,
550 1471 570 1513 a
592 1472 643 1514 me
667 1472 730 1514 non
753 1451 923 1535 impetrare
946 1472 1085 1534 possum.

154 1552 228 1615 mim
249 1553 316 1636 jam
339 1553 459 1615 diutius
483 1552 594 1615 harum
620 1553 782 1616 literarum
809 1554 947 1618 cultores
973 1554 1086 1617 merito

154 1676 168 1717 n
189 1654 373 1738 abjecerant
393 1677 493 1738 spem,
515 1655 594 1728 sore,
619 1664 654 1717 ut
674 1656 792 1739 passim
812 1657 929 1719 rudera
948 1655 1087 1742 ingentis

154 1777 250 1820 erum
269 1757 468 1839 antiquarum
488 1756 645 1841 naufragii
663 1756 694 1820 in
709 1757 813 1822 lucem
830 1766 1031 1832 revocentur,
1048 1780 1087 1822 eo

154 1860 309 1923 ucundius
330 1860 458 1933 accidit,
475 1861 502 1923 si
522 1870 639 1944 praeter
660 1882 785 1926 omnem
804 1882 895 1944 spem
913 1869 947 1923 et
967 1861 1087 1944 opinio·

154 1961 189 2027 el
210 1962 284 2025 totis
305 1963 416 2037 literis,
441 1963 494 2028 vel
514 1964 712 2046 potissimum
735 1962 889 2047 peculiari
909 1962 1004 2026 alicui
1022 1983 1089 2026 ma·

165 2065 198 2128 in
222 2087 286 2148 qua
311 2065 521 2137 elaboramus,
546 2089 589 2130 ex
612 2066 866 2149 quibuscumque
889 2064 1087 2149 antiquitatis

154 2167 230 2231 entis
252 2165 317 2230 alto
340 2169 404 2231 situ
424 2168 545 2233 obrutis
569 2189 683 2232 novam
704 2167 779 2231 oriri
801 2166 906 2230 lucem
925 2167 1089 2231 videmus:

155 2269 245 2334 novis
276 2270 463 2333 testimoniis
490 2270 624 2353 scriptor
653 2268 840 2342 illustretur,
865 2266 1089 2343 confirmetur;

154 2372 273 2436 stiones
292 2371 361 2455 ejus
380 2372 486 2436 dubiae
507 2372 558 2436 vel
578 2372 765 2435 adserantur
787 2369 838 2432 vel
856 2377 1037 2463 mutenturj
1056 2378 1091 2432 et

154 2473 432 2537 fructuosissimum
454 2495 531 2537 sune
550 2482 585 2537 et
601 2471 897 2557 praestantissimum
914 2480 974 2544 est,
991 2471 1090 2554 ipsius

167 2576 228 2640 huc
243 2577 317 2640 illuc
337 2577 552 2642 constituendi
568 2599 652 2641 nova
666 2576 814 2661 quaedam
828 2575 909 2639 ratio
924 2576 1088 2658 adpareat.

154 2689 262 2745 autem
288 2681 319 2744 in
345 2692 487 2745 nostrum
510 2681 696 2763 scriptorem
718 2679 899 2743 redundare
922 2679 1089 2743 commoda

154 2783 181 2846 is
199 2794 273 2847 ante
292 2784 347 2847 hos
364 2785 477 2869 viginti
494 2794 618 2866 septem
635 2805 734 2846 annos
750 2783 902 2847 fastorum
918 2803 1090 2855 sacrorum,

154 2885 280 2951 Verrius
302 2888 559 2963 concinnaverat,
583 2887 771 2971 fragmentis
793 2886 938 2969 quamvis
959 2885 1088 2959 mutilis,

154 3009 185 3054 es
204 3012 313 3054 eorum
333 2991 365 3053 in
388 2990 498 3054 Ovidii
518 2989 595 3053 locis
613 2989 813 3073 explicandis
833 2997 941 3071 partes
962 2988 1092 3051 docent.

157 3099 266 3175 typum
281 3091 374 3175 hujus
390 3092 507 3175 operis,
523 3091 666 3175 pluribus
685 3099 774 3155 certe
788 3111 832 3154 ex
847 3112 897 3165 co,
916 3090 1001 3172 quod
1016 3089 1092 3153 inde

154 3194 215 3275 psit
229 3193 352 3257 Vollius
368 3193 410 3256 V.
429 3194 468 3258 C.
486 3196 518 3258 in
539 3194 705 3268 Suetonio,
723 3187 798 3259 tom.
817 3193 862 3257 iii.
881 3193 959 3268 noti,
975 3192 1092 3276 prodiit

154 3295 294 3359 2177912.
342 3294 390 3359 Hi
407 3296 482 3360 t'asti
501 3318 520 3359 a
536 3296 652 3362 Verrio
670 3296 800 3372 Flacco,
816 3295 1025 3360 celeberrimo
1040 3294 1094 3359 illo

154 3392 261 3472 nutico,
290 3398 380 3481 cujus
407 3398 521 3462 librum
552 3401 593 3463 de
619 3401 787 3464 verborum
809 3397 1092 3483 significationibus

154 3521 165 3563 s
186 3500 217 3562 in
239 3502 461 3583 compendium
483 3503 622 3587 redegit,
639 3514 674 3567 et
693 3499 836 3588 Augusti
856 3509 1010 3585 nepotum
1027 3522 1093 3565 ma·

154 3651 158 3672 ,
175 3602 344 3665 duodecim
362 3604 474 3668 tabulis
495 3605 689 3679 marmorcis,
706 3625 840 3688 quarum
856 3604 982 3689 singula
995 3626 1094 3669 unum

156 3793 230 3835 torum
248 3786 304 3835 anni
319 3788 420 3837 Romani
438 3789 546 3837 aVerrio
597 3799 669 3845 stant,
689 3804 717 3838 ac
745 3788 798 3837 lasti
822 3787 925 3837 Romani
951 3790 1094 3854 singulorum

154 3859 306 3909 ›rdinatorum
321 3861 426 3927 reliquia
442 3879 470 3911 ex
485 3877 546 3911 mar·
597 3862 713 3912 mensium
730 3879 760 3911 ex
775 3862 890 3912 hactenus
903 3863 1001 3928 repertis
1015 3865 1096 3914 lulen-

157 3950 180 3982 m
191 3936 326 3984 tabularum
337 3936 473 4002 fragmentis
484 3939 547 3985 Prae·
597 3938 669 3987 dariis
684 3937 820 3987 marmoreis
832 3938 892 3987 inter
909 3955 934 3986 se
948 3940 1040 3989 collatis
1054 3957 1095 3989 ex·

157 4025 214 4074 uper
235 4011 325 4058 effossis
349 4013 454 4060 collecte
474 4021 498 4059 et
518 4011 547 4059 il·
599 4012 681 4078 pressi,
691 4028 748 4062 cura
763 4021 788 4060 et
802 4013 881 4061 studio
898 4013 926 4061 P.
938 4014 966 4061 F.
979 4014 1007 4060 F.
1023 4015 1096 4078 (Pog-

158 4117 165 4130 .
210 4084 337 4134 Accedunt
365 4086 441 4135 Verrii
470 4085 548 4134 Flacci
599 4086 671 4150 ginii)
684 4087 767 4134 Roma
777 4103 838 4134 anno
851 4087 922 4134 1779.
951 4087 1097 4135 Haecomniu

172 4157 306 4222 fragmenta
324 4160 412 4215 omnia,
433 4176 485 4224 quae
508 4175 548 4208 er·
600 4159 726 4223 diligenter
736 4159 864 4225 perpende.
