2806 5018
403 381 459 446 IN
482 381 643 447 OVIDll
667 380 786 446 IBIN.
1050 384 1116 448 521

62 564 226 613 nulurto.
273 549 390 636 ltaque
413 554 593 636 precipuus
618 552 668 616 bic
692 554 782 617 nobis
807 574 922 636 scopus
946 553 987 615 ob
1007 554 1115 617 oculos

58 649 136 725 erit,
154 660 190 714 ut
210 672 283 734 quaa
303 654 496 727 obscuriora,
513 655 664 717 necdum
685 657 834 739 cuiquam
852 654 1014 738 explicata
1028 665 1112 730 suut,

61 752 170 834 quoad
194 752 266 836 ejus
290 754 358 817 lieri
382 754 510 838 poterit,
531 755 723 817 illustratum
747 776 868 818 eamus.
914 756 1115 821 Excusorum

60 851 161 915 etiam
186 853 335 918 librorum
360 855 500 918 maculas
522 876 618 917 manu
643 856 832 939 scriptorum
856 878 929 939 ope,
945 869 1002 922 aut
1024 867 1114 922 certe

60 953 125 1035 ipsi
146 955 188 1018 de
206 956 335 1039 ingenio
351 957 507 1020 eluamus.
554 954 663 1018 Prima
684 956 815 1038 quidem
836 957 978 1021 editione
994 958 1113 1024 Obser-

59 1053 227 1119 vationum
247 1066 425 1121 nostrarum
441 1057 617 1120 difficiliora
630 1059 777 1142 quaedam
797 1059 867 1122 loca
886 1059 1047 1123 saltuatim
1063 1082 1112 1124 se-

58 1154 262 1239 legeramus3
291 1159 444 1242 planiora,
469 1169 504 1223 et
524 1180 596 1241 quae
623 1159 662 1221 ab
689 1157 757 1222 aliis
784 1158 963 1232 enucleata,
987 1160 1112 1224 silentio

59 1259 357 1324 transmiseramus:
382 1261 490 1334 Nunc,
507 1260 635 1324 hortatu
650 1261 788 1324 virorum
807 1261 873 1325 acri
882 1261 1018 1343 judicio,
1034 1262 1111 1325 ube·

55 1357 176 1422 riorem
196 1369 231 1423 et
244 1369 435 1444 perpetuum
452 1360 725 1424 Commentarium
746 1363 868 1436 damus,
885 1384 928 1426 ne
943 1362 1006 1426 alio
1020 1383 1110 1444 quae·

56 1461 160 1523 reuda
171 1461 213 1524 sit
225 1462 400 1525 fabularum
414 1462 517 1525 minus
529 1461 692 1524 obviorum
706 1463 874 1525 enarratio.
914 1462 1108 1546 Quanquam

59 1581 103 1624 ne
123 1560 314 1644 sicquidem
334 1584 393 1625 nos
414 1583 524 1625 omnes
540 1561 672 1646 hujusce
689 1562 787 1625 libelli
802 1563 943 1627 salebras
958 1565 1110 1647 explana·

59 1670 150 1724 turos
169 1662 368 1745 pollicemur,
388 1672 424 1726 ut
447 1664 551 1747 quivis
575 1664 730 1748 deinceps
753 1667 909 1730 inoffenso
928 1668 1013 1749 pede
1034 1688 1110 1749 qua·

59 1782 202 1846 cumque
227 1767 467 1850 progrediatur:
503 1767 536 1829 id
571 1767 655 1828 enim
687 1766 873 1849 pleniorem,
906 1789 1001 1851 quam
1031 1776 1110 1833 aetas

59 1873 172 1928 nostra
187 1864 281 1939 ferat,
298 1867 511 1931 eruditionem
528 1866 678 1951 postulat.
725 1869 854 1933 Deinde
869 1870 969 1933 multa
983 1877 1058 1931 sunt
1077 1869 1110 1933 iu

57 1983 112 2039 eo,
128 1985 201 2048 quae
221 1968 283 2030 nisi
299 1968 424 2054 Sibylla
443 1968 565 2054 leyerit,
580 1977 617 2031 nt
633 1970 677 2032 ait
696 1971 781 2053 apud
798 1970 947 2033 Plautum
964 1970 1110 2033 Pseudo-

57 2066 121 2141 lus,
151 2067 364 2153 interpretari
392 2071 488 2133 olium
512 2092 606 2156 posse
631 2093 703 2136 reor
731 2073 899 2144 maim,-
930 2071 1109 2156 cujusmodi

56 2175 136 2232 sunt
149 2171 230 2233 ista:

177 2302 241 2364 Aut
254 2305 335 2364 velut
349 2306 472 2385 Euryali
485 2308 535 2384 qui
549 2320 692 2387 sceptrum
707 2310 784 2386 cepit
797 2309 905 2377 abillo,

217 2399 284 2458 Sint
297 2412 377 2460 artus
390 2401 481 2460 avidis
493 2403 636 2480 anguibus
649 2422 712 2462 esca
724 2403 779 2461 tui.

57 2507 107 2571 Et
122 2506 200 2571 ista:
371 2582 375 2587 .

175 2626 239 2686 Aut
252 2628 300 2706 pia
313 2638 344 2687 te
357 2650 428 2688 caeso
441 2629 555 2689 dicatur
568 2631 709 2701 adultera,
723 2633 797 2691 sicut

218 2721 285 2792 Qun
298 2723 402 2782 cecidit
414 2723 532 2784 leucon
545 2724 669 2794 vindice,
684 2726 761 2785 dicta
774 2727 821 2804 pia
835 2737 888 2786 est.

59 2830 145 2894 Item
161 2828 234 2894 illa:

175 2948 312 3008 AEthalon
326 2961 359 3010 ut
373 2952 434 3010 vita
446 2952 579 3030 spoliavit
593 2942 700 3011 Isidius
713 2953 824 3030 hospes,

216 3043 313 3115 Quem
326 3064 433 3103 memor
447 3066 463 3103 a
476 3047 562 3104 sacris
576 3066 654 3103 nunc
667 3064 780 3122 quoque
794 3043 878 3122 pellit
892 3042 934 3099 Io.

176 3136 275 3216 thue
289 3138 491 3198 Melantheum
505 3141 632 3199 tenebris
645 3160 662 3198 a
675 3138 751 3198 cede
764 3138 906 3196 latentem

214 3230 346 3290 Prodidit
360 3233 453 3291 officio
466 3233 584 3292 luminis
598 3235 660 3312 ipsa
674 3253 784 3312 parens.

57 3397 102 3461 Et
128 3397 253 3471 similia,
280 3419 415 3480 qnorum
443 3399 665 3481 interpretatio
692 3398 833 3481 petenda
861 3402 947 3457 esset
976 3393 1016 3455 ab
1046 3393 1106 3455 illis

56 3498 275 3582 scriptoribus,
297 3499 363 3581 qui,
390 3501 542 3582 temporis
565 3500 680 3584 injuria
703 3497 821 3571 amissi,
842 3495 932 3558 triste
955 3494 1046 3557 nobis
1072 3503 1106 3556 et

56 3600 207 3664 acerbum
240 3601 290 3663 sui
317 3601 511 3664 desiderium
547 3601 763 3684 reliquerunt:
793 3598 844 3660 hic
873 3595 957 3659 enim
988 3595 1105 3658 fabulae

56 3702 205 3785 quoedam
220 3701 288 3764 sive
305 3701 443 3764 historiae
463 3711 647 3785 tanguntur,
664 3721 797 3784 quarum
813 3698 898 3780 apud
914 3717 1012 3759 unum
1027 3696 1106 3759 dun-

56 3812 150 3868 taxat
169 3813 333 3867 auctorem
354 3805 474 3866 mentio
494 3814 555 3878 est,
573 3825 668 3888 quem
690 3803 715 3864 si
737 3801 819 3864 forte
840 3800 1016 3863 desiderari
1031 3821 1105 3863 con·

55 3906 194 3990 tigisset,
211 3907 252 3969 de
272 3927 382 3968 earum
403 3906 603 3970 enarratione
628 3904 857 3989 proculdubio
880 3911 987 3965 actum
1008 3910 1103 3965 esset.

57 4007 219 4072 Nimirum
235 4006 350 4072 Achaei
365 4009 565 4090 supplicium,
583 4008 674 4092 cujus
698 4005 840 4070 meminit
856 4004 994 4069 Ovidius
1010 4022 1104 4064 versu

54 4108 132 4172 301.
160 4130 243 4173 unus
266 4109 419 4194 Polybius
446 4118 682 4173 commemorat.
728 4107 853 4192 Pyrrhi,
877 4103 1010 4168 Achillis
1036 4100 1102 4173 filii,

101 4225 188 4272 von.
208 4226 243 4272 v.
695 4209 762 4271 3x
