2806 5018
450 367 711 435 PASTORUM
734 368 824 435 LlB.
848 369 910 436 IV.

1136 373 1201 440 175

154 536 237 612 Hoc
253 549 361 636 pater
374 538 528 627 Iliades,
543 564 659 637 quum
675 543 828 639 longum
846 542 1027 617 scriberet
1045 566 1205 632 annum,

201 653 328 742 Vidit;
359 665 398 730 et
415 666 589 729 auctores
608 658 752 731 rettulit
769 658 850 756 ipse
869 683 969 732 suos.

154 767 283 866 thue
301 770 380 845 fero
402 770 515 846 Marti
535 773 691 869 primam
710 773 816 847 dedit
834 775 963 847 ordine
981 784 1132 863 sortem,
1151 779 1200 848 25

201 882 314 968 Quod
333 885 404 959 sibi
422 888 592 960 nascenti
611 888 783 984 proxima
799 911 913 961 causa
930 887 1021 976 fuit3
1067 895 1069 898 ’

154 999 217 1073 Sic
236 998 436 1088 Venerem,
456 1001 635 1097 gradibus
654 1002 781 1074 multis
800 1001 836 1074 in
855 1012 967 1097 gente
986 1012 1184 1099 repertam,

200 1114 370 1189 Alterius
388 1117 505 1190 voluit
524 1118 662 1190 mensis
681 1118 820 1191 habere
838 1118 984 1193 locum:

154 1227 461 1328 Principiumque
480 1233 538 1304 sui
556 1233 716 1328 generis,
736 1234 981 1331 revolutaque
999 1257 1171 1330 qnaerens

202 1344 364 1432 Saecula,
382 1359 561 1442 cognatos
581 1349 682 1422 venit
699 1350 747 1423 ad
766 1375 886 1447 usque
906 1349 1022 1422 Deos.
1150 1353 1200 1421 30

154 1457 356 1533 Dardanon
375 1459 526 1534 Electra
544 1463 707 1536 nesciret
725 1462 919 1538 Atlantide
937 1476 1081 1538 cretum

203 1574 381 1662 Scilicet;
412 1570 605 1651 Electram
621 1580 870 1654 concubuisse
888 1579 911 1652 J
914 1580 999 1654 ovi?

154 1685 282 1785 Hujus
302 1689 590 1767 Erichthonius:
620 1693 714 1766 Tros
733 1706 792 1769 est
809 1708 1010 1791 generatus
1029 1696 1077 1767 ab
1096 1692 1182 1768 illo:

201 1803 414 1879 Assaracon
433 1819 537 1881 creat
554 1808 637 1882 hic:
666 1808 952 1907 Assaracusque
972 1810 1131 1907 Capyn:

154 1917 356 1994 Proximus
374 1923 588 2012 Anchisen3
617 1948 704 1997 cum
723 1949 799 2022 quo
817 1949 1015 1998 commune
1033 1922 1201 2020 parentis

202 2032 292 2108 Non
308 2035 511 2132 dedignata
527 2050 586 2112 est
603 2063 740 2112 nomen
757 2039 896 2113 habere
914 2038 1057 2111 Venus.
1151 2042 1200 2110 36

183 2344 226 2392 2³.
238 2345 311 2393 Pater
323 2346 416 2404 Iliada,
426 2348 553 2405 Romulus,
564 2349 615 2398 llia
623 2349 651 2397 fi·
703 2355 808 2398 vocatur.
824 2349 886 2398 Pom
894 2356 974 2397 autem
984 2348 1048 2397 illius
1057 2347 1203 2412 genealogia

154 2415 260 2472 lina,boc
269 2422 583 2488 ndir,respe1ir,specravit
591 2424 653 2471 Scri·
703 2430 739 2470 aot
750 2422 848 2470 Homer.
860 2422 890 2470 ll.
902 2422 1012 2471 xx.215.
1045 2420 1203 2471 Eserioribaa

154 2491 221 2544 beret.
232 2490 377 2542 describeret
387 2494 411 2542 in
422 2511 522 2544 menses.
559 2497 654 2561 longua
704 2495 765 2543 adde
775 2495 955 2560 Apollodorum,
963 2495 1012 2543 111.
1021 2495 1062 2544 xii.
1072 2496 1096 2542 l.
1117 2495 1140 2542 A
1147 2494 1211 2543 Jooa

154 2564 257 2613 rolemne
267 2565 322 2614 anni
329 2567 457 2632 epitheton.
474 2571 585 2618 ductores
593 2587 652 2627 soor,
704 2577 728 2617 et
746 2569 847 2625 Eueno,
869 2572 973 2618 Atlantia
994 2569 1052 2626 lilia,
1070 2568 1138 2634 (vide
1154 2584 1203 2617 ver.

154 2653 213 2702 quoa
238 2654 289 2688 ver.
310 2642 351 2689 67.
369 2652 475 2703 porarrtra
501 2660 551 2692 anor
576 2653 653 2700 vocat,
706 2642 774 2705 174.)
789 2659 870 2692 omnes
883 2661 963 2707 regum
981 2645 1135 2709 Trojanorum
1150 2642 1203 2692 atir·

154 2711 257 2761 Martem
268 2721 293 2762 et
304 2714 431 2765 Venerem.
457 2718 594 2766 Burmanno
604 2718 653 2767 ele·
703 2733 758 2782 pern
763 2726 880 2784 repetunt.
893 2717 1117 2774 Dordnuru,ralicta
1123 2717 1204 2765 Samo·

154 2785 246 2848 potior
257 2787 381 2837 ridebatur
391 2789 463 2839 lectio
473 2790 499 2839 in
509 2790 564 2840 cod.
582 2792 654 2840 Fran·
704 2789 794 2846 thrace,
805 2790 831 2838 in
838 2790 920 2841 Asiam
930 2790 1029 2855 trajecit,
1036 2790 1077 2839 ubi
1085 2805 1100 2836 a
1109 2790 1211 2847 Teucro„

154 2860 237 2908 totam.
246 2864 359 2923 praemit,
371 2863 483 2926 prodidit,
495 2864 592 2914 tradidit
600 2881 655 2930 pos·
704 2863 843 2912 Scamandri
852 2873 877 2912 et
887 2864 958 2912 Idaea
970 2863 1089 2928 Nymphae
1096 2862 1154 2919 filio,
1161 2878 1202 2910 ex·

154 2932 209 2983 teria
224 2933 307 2983 ordine
323 2935 366 2984 illo
382 2945 407 2984 et
423 2936 529 2987 instituto
546 2949 655 3003 parentes

154 3022 217 3057 roos.
238 3007 312 3057 ferm
322 3019 436 3066 etseras,
448 3011 589 3061 bellatorum
599 3021 655 3060 sont

154 3079 269 3145 epitheta.
303 3083 397 3140 Sortem,
413 3083 504 3133 locum.
539 3087 655 3136 Grndidnr

154 3155 252 3211 κατίῃ·
278 3163 305 3203 at
324 3172 339 3203 a
358 3158 452 3207 Venere
471 3167 610 3221 prognatum
628 3174 653 3207 se

154 3227 273 3291 reperiret,
287 3244 330 3292 per
346 3228 435 3293 gradus
451 3231 539 3279 multos
554 3231 653 3279 adscen-

154 3297 259 3349 dondom
269 3311 321 3349 erat
331 3302 356 3350 in
369 3311 503 3351 stemmate.
536 3304 654 3353 Ceterum

154 3371 183 3423 de
204 3373 251 3421 bac
272 3376 390 3424 sententia
411 3376 492 3424 confer
511 3378 619 3425 Macrob.
638 3378 656 3425 i.

154 3445 250 3503 Satura.
270 3448 307 3497 12.
324 3450 392 3514 cujus
408 3449 481 3498 verba
497 3448 529 3499 ad
548 3466 597 3500 ver.
615 3453 655 3500 61.

154 3519 275 3570 dedimus.

186 3595 228 3643 29.
246 3595 302 3643 Non
312 3597 428 3645 aVenere
440 3604 541 3651 tantum,
550 3597 591 3645 sed
603 3598 654 3645 lon·

154 3667 210 3731 gina
219 3667 281 3716 adeo
290 3669 321 3716 ab
332 3669 382 3733 ipso
393 3671 453 3719 Jove
463 3669 549 3734 repetit
560 3670 656 3719 Romuli

154 3741 279 3806 originem.
296 3743 658 3808 Principiumgenerispnoerebat

154 3815 197 3870 aie,
211 3824 240 3864 nt
253 3817 344 3866 sarcula
360 3819 513 3884 praeterlapaa
527 3821 657 3876 revolveret,

154 3906 197 3954 per
206 3905 236 3938 ea
246 3890 334 3939 rediret
345 3889 376 3939 ad
392 3891 533 3957 principium
540 3910 547 3951 3
565 3894 623 3940 AEn.
634 3909 658 3940 x.

154 3963 218 4012 256:
242 3969 259 3991 ‘¹
270 3962 378 4012 revoluta
392 3966 478 4013 ruebat
495 3964 571 4020 dies,”
583 3964 658 4013 revol-

154 4038 265 4092 vebatur,
289 4037 389 4086 redibat.
422 4039 460 4088 De
487 4038 565 4103 gentis
582 4038 654 4087 Julie

154 4111 346 4176 progenitoribus
358 4112 465 4177 Trojania
479 4113 560 4161 confer
570 4112 657 4175 Virgil.

154 4184 246 4251 θοοῖς.
257 4184 294 4234 iii.
301 4186 342 4235 ³5.
351 4185 393 4234 ubi
400 4188 494 4234 detnato
501 4188 530 4234 ob
539 4186 595 4234 Jove
602 4202 658 4250 geno

704 2946 796 3002 ceptus,
811 2947 903 3002 partem
916 2937 982 3001 regni
996 2937 1097 3000 accepit,
1108 2936 1203 2985 urbem·

704 3027 752 3075 qne
772 3011 918 3059 Dardaniam
936 3018 978 3058 aut
996 3009 1128 3058 Dardanon
1146 3024 1202 3056 con·

704 3083 773 3133 didit.
792 3084 883 3132 Teucro
894 3093 993 3138 mortuo,
1005 3082 1080 3130 omnir
1089 3081 1132 3128 illa
1142 3090 1204 3128 terra

705 3158 829 3205 Dardania
850 3157 922 3205 dicta.
956 3154 1070 3202 Dardano
1089 3152 1205 3201 succurit

706 3230 877 3284 Erichthonius,
897 3230 949 3294 ejus
968 3227 1040 3282 filius,
1058 3242 1099 3274 rea
1119 3225 1204 3289 opibus

704 3302 792 3351 clarus.
825 3303 848 3350 A
862 3303 918 3349 Troe
933 3316 988 3363 rege
1001 3300 1042 3347 illa
1051 3299 1121 3362 Troja
1132 3297 1205 3348 dicta.

705 3376 729 3424 Is
748 3374 820 3431 Ilum,
840 3378 975 3424 Assaracum
993 3382 1017 3422 et
1036 3372 1204 3434 Ganymedem

704 3449 794 3513 genuit.
816 3449 851 3497 Ex
863 3449 900 3497 Ilo
910 3446 1045 3495 Laomedon
1056 3454 1081 3494 et
1090 3445 1204 3509 deinceps

705 3523 820 3579 Priamus,
832 3522 873 3587 qui
886 3538 933 3570 non
943 3521 1092 3585 pertinebant
1103 3518 1134 3567 ed
1147 3533 1204 3566 oon·

705 3596 785 3645 silium
801 3598 873 3646 nostri
888 3604 980 3661 poete3
996 3597 1089 3644 AEneas
1098 3593 1161 3642 enim
1173 3594 1204 3642 ab

707 3672 824 3725 Auoruco,
838 3669 907 3733 cujus
923 3667 985 3716 filins
1001 3668 1076 3728 Copya
1092 3667 1205 3714 Aaobiurr

707 3743 797 3807 gennit.
828 3744 914 3806 Itaque
927 3751 951 3790 et
966 3741 1031 3806 apud
1042 3739 1128 3803 Virgil.
1161 3742 1204 3788 Aa·

706 3834 799 3866 aoranae
820 3817 965 3881 potissimum
984 3822 1124 3863 memoratur
1144 3812 1206 3861 inter

708 3893 793 3940 AEnee
801 3891 911 3955 majorea;
930 3888 1082 3947 AEn.i.2a⁴;
1098 3886 1131 3934 ri.
1141 3887 1204 3945 650;

708 3966 741 4014 ix.
755 3966 812 4015 259.
827 3966 883 4013 643.
915 3962 1027 4012 Anchisae
1042 3960 1070 4010 δι’
1086 3960 1204 4024 ἐρωτικήν

705 4039 837 4103 ἐπιθυμίαν
874 4035 1004 4101 ’Δφροδίτη
1042 4034 1205 4087 cantabra,

708 4112 810 4164 Αἰνείαν
821 4110 960 4176 ἐγέννηυιν,
989 4107 1101 4172 Apollod.
