2806 5018
171 360 235 423 154
454 355 493 418 Ρ.
514 352 677 421 OVIDll
701 352 914 420 NASONIS

175 530 273 602 Tum
292 530 453 627 primum
473 527 573 600 Dido
588 527 680 600 felix
699 538 759 600 est
775 528 880 601 dicta
895 529 1026 614 sorori,

228 643 279 717 Et
289 636 539 741 qu‘aecumque
555 644 721 741 aliquam
732 666 887 740 corpore
902 643 1044 740 pressit
1054 645 1217 718 humum.

177 760 322 856 Figitur
338 760 386 831 ad
406 757 574 832 Laurens
591 757 736 853 ingenti
753 758 904 832 flamine
921 759 1013 831 litus

228 874 373 973 Puppis
386 901 395 961 ;
425 885 465 947 et
482 872 665 970 expositis
680 873 853 945 omnibns
868 875 1005 946 hausta
1023 874 1138 972 perit.
1153 878 1220 948 600

175 988 199 1061 J
201 1014 262 1062 am
281 989 365 1087 pius
384 988 523 1061 AEneas
541 1011 657 1082 regno
675 999 840 1083 nataque
859 987 983 1061 Latini

227 1106 374 1177 Anctus
392 1117 484 1188 erat,
505 1103 664 1200 populos
683 1086 961 1200 miscueratque
979 1104 1094 1178 duos.

177 1221 304 1294 Litore
321 1219 451 1303 dotali,
471 1219 551 1291 solo
569 1218 772 1291 comitatus
790 1218 949 1306 Achate,

229 1337 428 1410 Secreturn
445 1333 545 1404 nudo
564 1332 653 1404 dnm
672 1332 771 1430 pede
788 1335 908 1431 carpit
925 1335 1010 1420 iter,

176 1451 352 1548 Adspicit
367 1460 570 1533 errantem,
590 1471 660 1522 nec
678 1449 833 1523 credere
852 1450 1014 1523 sustinet
1031 1450 1183 1525 Annam

230 1567 347 1638 Esse:
378 1564 468 1659 qnid
488 1565 526 1635 in
546 1562 672 1638 Latios
690 1565 754 1638 illa
771 1566 915 1638 veniret
934 1567 1073 1660 agros?
1154 1568 1219 1638 606

179 1681 280 1753 Dum
296 1704 427 1754 secum
440 1679 600 1768 AEneas;
622 1682 734 1755 Anna
751 1692 821 1765 est,
834 1682 1024 1754 exclamat
1038 1681 1218 1756 Achates:

228 1796 288 1869 Ad
307 1819 443 1868 nornen
461 1796 585 1869 vultus
605 1798 756 1870 sustulit
772 1797 838 1870 illa
855 1822 954 1870 suns.

179 1911 264 1996 Quo
279 1911 423 2007 fugiat?
443 1912 535 2009 qnid
550 1914 663 2009 agat?
682 1937 778 2009 quos
791 1924 899 1986 terrae
917 1924 1068 2009 quaerat
1079 1911 1218 1986 hiatus?

227 2029 328 2100 Ante
346 2029 477 2101 oculos
496 2029 641 2102 miserae
659 2027 736 2100 fata
753 2028 888 2101 sororis
907 2043 1045 2100 erant„
1151 2031 1218 2101 610

179 2144 318 2228 Sensit,
338 2155 376 2215 et
393 2142 595 2238 alloquitur
613 2142 799 2238 trepidam
819 2140 1049 2239 Cythereius
1068 2142 1197 2228 her0s;

230 2257 314 2330 Flet
331 2268 457 2329 tamen
474 2257 666 2329 admonitu
685 2257 827 2344 mortis,
850 2256 984 2342 Elissa,
1005 2268 1098 2331 tuae.

178 2375 302 2455 Anna,
321 2396 389 2468 per
407 2372 502 2445 hanc
516 2375 615 2469 juro,
635 2397 750 2471 quam
768 2373 959 2470 quondam
978 2374 1111 2447 audire
1131 2373 1216 2446 sole·

229 2486 419 2560 Tellurem
437 2487 513 2561 fato
531 2489 764 2586 prosperiore
782 2488 885 2575 dari;
1141 2490 1215 2585 [bas

180 2601 329 2700 Perque
346 2602 447 2676 Deos
465 2604 636 2688 comites,
651 2604 721 2677 hac
740 2627 859 2702 nuper
878 2603 968 2677 sede
981 2604 1140 2691 locatos,
1152 2606 1215 2677 615

230 2717 340 2816 Saepe
359 2743 461 2792 meas
481 2719 564 2791 illos
583 2718 813 2816 increpuisse
836 2741 971 2792 moras

211 2972 266 3020 599.
285 2972 347 3037 Figi,
366 2973 442 3036 infigi,
456 2971 547 3035 configi,
563 2971 627 3035 effigi
646 2971 677 3019 de
729 2980 843 3036 terrisque
870 2980 980 3037 optentur
1007 2972 1117 3022 hiatus.”
1152 2974 1218 3024 Alite

178 3060 238 3093 nave
259 3045 316 3102 dici,
334 3062 387 3110 quae
407 3060 494 3108 magno
512 3060 566 3092 cum
587 3045 677 3109 impetu
728 3046 779 3094 linc
796 3046 851 3095 ficta
867 3063 881 3095 u
897 3046 955 3095 Silio
965 3062 1014 3095 ver.
1026 3048 1075 3108 7³;
1092 3048 1126 3097 ibi
1137 3051 1218 3099 AEneu

177 3117 247 3173 litori,
275 3118 389 3173 illidatur,
412 3118 483 3166 docet
507 3117 620 3165 Heinsius
647 3119 677 3166 ad
727 3127 822 3167 “terrai
838 3120 941 3168 delirum
958 3119 1049 3178 oculos,
1065 3132 1090 3170 et
1107 3121 1182 3170 multa
1197 3122 1218 3168 ti-

179 3191 241 3240 hunc
253 3193 340 3241 locum.
363 3193 489 3240 Miscuerat
499 3194 599 3254 populos.
624 3194 677 3241 lloc
728 3203 839 3249 mentem,
850 3195 889 3242 Ac
900 3193 986 3242 deinde
1001 3193 1118 3260 allapsum
1129 3196 1221 3260 genibus

179 3266 284 3330 explicat
301 3267 354 3314 Liv,
365 3265 382 3312 i.
396 3269 428 3312 2:
448 3267 572 3322 “AEneas,
587 3275 613 3314 nt
628 3267 676 3316 uni-
727 3266 880 3330 lacrymantis
893 3266 949 3322 Iuli,
961 3266 1085 3316 Attollit.”
1118 3269 1158 3318 De
1164 3271 1219 3335 flur

178 3355 228 3387 mos
245 3339 402 3403 Aboriginum
420 3340 465 3387 sihi
484 3339 629 3396 conciliaret,
649 3356 677 3388 ne
728 3339 823 3387 heroum
840 3339 903 3387 haud
919 3338 1030 3388 indecoro
1040 3340 1096 3390 vide
1107 3341 1220 3407 Heyuiun

178 3415 223 3462 sub
236 3415 319 3462 eodem
327 3414 380 3478 jure
394 3413 478 3467 solum,
490 3412 531 3459 sed
549 3414 620 3462 etiarn
637 3430 677 3462 no·
728 3413 759 3461 ad
771 3414 828 3461 AEn.
842 3414 857 3461 i.
868 3415 910 3462 92.

178 3489 241 3535 mine
259 3495 347 3541 essent,
364 3485 460 3532 Latinos
477 3493 602 3550 utramque
620 3504 675 3551 gen·
761 3488 818 3535 613.
841 3487 935 3536 Italiam
952 3488 1158 3554 circumloquitur,
1174 3506 1222 3556 que

179 3567 227 3607 tem
245 3556 402 3623 appellavit.''
436 3558 498 3606 Cum
516 3558 565 3606 solo
584 3562 676 3617 Achate,
720 3562 776 3623 suto
794 3561 815 3609 ei
836 3562 967 3610 destinata:
987 3561 1096 3612 imitatus
1113 3564 1223 3614 Nostrum

178 3630 263 3680 comite
291 3629 348 3685 fido,
369 3630 459 3679 AEneas
479 3632 585 3681 ambulat
605 3633 676 3683 etiarn
728 3643 764 3682 est
780 3634 851 3683 Silius
862 3651 910 3683 ver.
922 3636 981 3684 105:
1000 3636 1148 3686 “Tellurem
1164 3639 1223 3687 hunc

179 3705 238 3752 AEn.
254 3702 271 3750 i.
289 3704 347 3750 312.
382 3701 453 3766 Apud
470 3704 553 3752 Silium
572 3722 619 3754 ver.
636 3708 675 3754 71.
724 3708 1167 3777 juro,votaiuternostrairequenter
1176 3714 1224 3761 An·

178 3781 275 3825 Annum
294 3779 383 3825 AEneas
397 3777 461 3826 videt
477 3797 541 3828 tuero
555 3785 676 3829 comitatus
727 3782 905 3833 ditamvobie.”
928 3784 1226 3844 DemeamiteuPenutes,

179 3849 241 3898 inlu.
276 3850 348 3907 Quid,
361 3850 450 3900 scilicet
461 3863 552 3918 petens,
564 3871 611 3919 quo
621 3870 676 3903 con·
727 3872 786 3920 quos
795 3873 875 3906 secum
883 3858 953 3922 Troja
964 3857 1039 3907 elutos
1050 3861 1123 3910 Latio
1133 3861 1227 3921 intuht;

181 3923 401 3979 silio,curueuiret.
727 3931 985 3990 AEn.i.6;xii.192.
1013 3933 1169 3997 increpuisse,
1180 3953 1227 4001 sig

211 3997 267 4045 609.
295 3998 354 4052 Quru
377 4009 441 4048 terre
463 4011 548 4064 queret
570 4002 674 4066 hiatusl]
728 4005 763 4053 nis
774 4005 916 4069 quibusdam
928 4006 998 4055 datis.

178 4067 257 4125 Silius,
270 4070 302 4119 iv.
315 4074 377 4120 ³32:
395 4074 510 4136 “Fugere
523 4073 620 4122 infixum
632 4085 675 4131 eut,
