2806 5018
181 336 247 401 «182
477 335 515 400 Ρ.
535 333 695 399 0V1D11
720 331 931 415 NASONIS

182 508 306 593 Quam
324 508 428 581 dolor
449 508 511 581 hio
529 531 696 605 unquam
714 507 835 606 spatio
849 524 1085 580 evanescere
1103 499 1226 599 possit,

233 623 365 698 Leniat
383 635 448 697 aut
464 624 592 699 odium
610 635 760 720 tempus
778 634 820 696 et
834 621 927 696 hora
943 640 1092 691 meum.
1165 617 1226 688 136

182 737 412 835 Pugnabunt
425 723 562 836 jaculis
579 741 670 813 dum
687 738 865 823 Thraces,
885 735 1054 832 Iazyges
1070 755 1173 816 arcu,
1212 736 1215 741 '

232 853 333 926 Dum
351 854 503 951 tepidus
522 855 689 951 Ganges,
707 852 863 949 frigidus
882 850 982 923 Ister
998 848 1098 936 erit3

179 967 332 1043 Robora
348 970 439 1042 dum
458 979 616 1055 montes,
636 967 726 1039 dum
745 966 885 1066 pabula
900 962 1034 1037 mollia
1052 960 1190 1059 campi,

230 1065 331 1156 Dum
349 1083 496 1157 Tiberis
513 1084 629 1157 flavas
646 1082 794 1155 Tuscus
812 1079 970 1155 habebit
985 1102 1132 1175 aquas;
1163 1079 1223 1148 140

182 1197 292 1272 Bella
308 1223 434 1296 geram
452 1211 601 1273 tecum:
629 1221 700 1272 nec
719 1221 817 1270 mors
834 1196 924 1268 mihi
944 1194 1057 1268 finiet
1074 1193 1170 1280 iras;

230 1313 340 1388 Saeva
357 1314 424 1389 sed
442 1314 480 1387 in
496 1338 625 1387 manes
645 1313 816 1386 manibus
834 1334 939 1385 arma
954 1310 1081 1383 dabit.

178 1426 276 1501 Turn
291 1452 456 1527 quoque,
472 1452 590 1525 quum
599 1451 736 1502 vacuas
749 1426 853 1500 fuero
865 1420 1041 1523 dilapsus
1055 1424 1095 1497 in
1109 1444 1222 1506 auras,

228 1541 424 1616 Exanimis
442 1567 565 1618 mores
583 1542 705 1617 oderit
722 1542 856 1614 umbra
870 1551 974 1613 tuoS.

177 1656 275 1730 Tum
294 1682 446 1755 quoque
463 1645 645 1733 sactorum
661 1657 807 1730 veniam
827 1678 972 1729 memor
988 1655 1132 1729 umbra
1147 1664 1221 1726 tuo

229 1772 415 1873 Insequar
433 1787 472 1849 et
488 1775 615 1846 vultus
632 1796 741 1846 ossea
757 1773 859 1845 larva
874 1782 975 1843 tuos.
1020 1774 1139 1867 [rum,
1160 1771 1220 1841 146

179 1887 265 1963 Sive
283 1912 367 1986 ego,
381 1888 483 1987 quod
501 1889 629 1973 nolim,
648 1887 768 1982 longis
786 1896 1009 1961 consumtus
1026 1886 1079 1959 ab
1097 1884 1218 1968 annis3

228 2005 315 2078 Sive
334 2030 448 2079 manu
462 2004 561 2078 sacta
574 2014 692 2078 morte
711 2003 856 2076 solutus
874 2024 959 2075 ero:

177 2116 265 2194 Sive
284 2146 352 2219 per
369 2122 573 2195 immensas
586 2120 757 2217 jactabor
774 2117 977 2213 naufragus
997 2118 1138 2205 undas,

228 2236 444 2333 Nostraque
461 2236 691 2333 longinquus
708 2235 853 2308 viscera
869 2233 986 2333 piscis
1006 2235 1122 2308 edet:
1159 2234 1217 2305 150

179 2349 266 2423 Sive
284 2352 491 2449 peregrinae
510 2362 667 2450 carpent
680 2374 763 2424 mea
780 2351 950 2425 membra
964 2351 1164 2436 volucres3

228 2465 315 2538 Sive
334 2490 418 2539 meo
435 2466 584 2562 tingent
602 2468 785 2563 sauguine
802 2477 922 2541 rostra
939 2466 1046 2562 lupi:

73 2577 81 2593 ‘
177 2576 264 2649 Sive
283 2579 419 2674 aliquis
437 2578 614 2674 dignatus
631 2582 702 2654 erit
719 2603 931 2679 supponere
949 2589 1077 2668 terrae,

225 2690 276 2763 Et
293 2691 382 2765 dare
401 2694 550 2791 plebeio
568 2721 704 2793 corpus
722 2697 831 2769 inane
849 2720 958 2791 rogo:

175 2806 370 2905 Quidquid
389 2833 464 2895 ero,
486 2810 628 2909 Stygiis
645 2835 840 2908 erumpere
859 2811 956 2882 nitar
974 2813 1026 2883 ab
1044 2813 1134 2900 oris,
1157 2814 1213 2884 155

225 2922 276 2996 Et
293 2925 444 2997 tendam
463 2926 607 3020 gelidas
625 2927 724 2998 ultor
742 2927 778 2997 iu
796 2950 860 2999 ora
878 2949 1027 2999 manus

175 3038 240 3112 Me
259 3040 415 3135 vigilans
431 3066 583 3115 cernes:
612 3041 738 3114 tacitis
756 3066 826 3136 ego
844 3042 966 3114 noctis
985 3042 1026 3115 in
1046 3044 1184 3116 umbris

223 3154 425 3228 Excutiam
444 3181 606 3241 somnos
626 3157 727 3229 visus
746 3157 892 3241 adesse,
912 3150 1013 3229 tuos.

173 3267 348 3367 Denique
364 3271 550 3369 quidquid
569 3297 669 3368 ages,
686 3283 773 3345 ante
792 3298 833 3344 os
851 3273 1064 3371 oculosque
1078 3276 1208 3356 volabo,

223 3382 274 3456 Et
290 3409 436 3481 querar,
457 3398 495 3461 et
512 3388 615 3460 nulla
632 3390 722 3462 sede
742 3389 891 3485 quietus
910 3389 999 3463 eris.
1152 3395 1209 3463 160

204 3646 259 3693 146.
279 3647 388 3710 Inseqrmr
400 3660 421 3697 er
432 3653 509 3698 varrus
521 3651 666 3715 orreoforrno
715 3651 824 3710 θάνατος
840 3653 914 3712 λύσις
930 3656 973 3702 καὶ
991 3661 1120 3722 χωρισμὸς
1136 3659 1210 3724 ψυχῆς

169 3719 238 3780 tarra]
257 3719 323 3768 Ocrea
335 3724 398 3769 torvo
407 3724 481 3774 codex
494 3725 602 3790 Dionysii
612 3725 664 3773 Sal·
715 3725 767 3775 ἀπὸ
779 3731 900 3790 σώματος.

167 3793 247 3855 vaguii
279 3795 388 3844 Boessii:
423 3798 539 3862 quomodo
566 3800 664 3856 Seneca,
750 3802 804 3848 151.
825 3801 931 3849 Volcens
939 3806 1095 3868 peregrina]
1108 3806 1207 3854 votus

168 3863 243 3928 Epist.
260 3867 325 3916 xxiv.
344 3870 462 3918 larvarum
480 3872 581 3919 habitam
598 3875 665 3920 nudis
715 3871 864 3921 habebantur
878 3889 935 3922 aves
949 3878 1094 3940 peregrinae,
1108 3879 1171 3943 quasi
1183 3893 1206 3925 ar

166 3941 248 3986 ambro
258 3942 415 3990 roborantium
425 3943 494 3990 dixit.
507 3945 539 3991 H.
716 3945 794 3994 alieno
805 3947 861 3994 orbe
869 3948 1002 3997 venientes.
1038 3951 1110 4001 Unde
1116 3961 1139 4001 et
1149 3952 1208 4000 bellis

202 4012 257 4061 140.
277 4014 472 4077 Marcomanos]
497 4016 664 4067 Definitionem
715 4017 1208 4090 civilibusveuerunrave-nunquamne·

167 4084 272 4132 Platonis
282 4088 401 4150 exprimit,
415 4088 454 4151 qui
472 4088 554 4136 scribit
566 4099 663 4139 mortem
715 4090 779 4147 vira,
801 4093 879 4158 speeie
900 4096 973 4159 paulo
1002 4097 1066 4147 iufra
1086 4100 1205 4151 columban

164 4173 215 4204 esse
232 4158 371 4208 solutionem
388 4160 472 4208 anima
490 4177 504 4208 a
521 4177 631 4227 corpore:
650 4165 663 4211 ὁ
715 4183 775 4231 quas
786 4169 941 4234 adpellabant
954 4171 1094 4225 Benacum
