2806 5018
180 343 246 408 144
477 339 516 404 Ρ.
538 337 701 405 ovlntt
725 338 938 407 NASONIS

181 513 267 587 Stat
292 536 446 609 quoque
467 511 594 610 Capra
619 512 751 586 simul:
783 511 973 611 Nymphre
998 513 1153 612 pavisse
1176 514 1233 588 fe.

230 627 428 702 Cretides:
457 627 587 701 infanti
605 629 663 702 lac
680 627 787 701 dedit
802 628 867 701 illa
883 627 981 701 Jovi.
1083 631 1226 726 [rantur

180 743 217 816 N
221 768 293 816 unc
308 768 419 817 vocor
431 745 480 817 ad
498 768 652 819 nornen:
672 745 875 840 vegrandia
887 742 986 817 farra
997 745 1137 832 coloni,
1155 749 1233 818 445.

230 857 325 942 Quae
343 859 441 933 mele
457 871 664 946 creverunt,
679 883 868 956 vescaque
887 883 1001 956 parva
1016 870 1170 934 vocant.

179 972 248 1045 Vis
266 997 311 1047 ea
328 974 361 1045 si
377 974 480 1047 verbi
498 984 569 1059 est,
585 998 654 1048 cur
671 998 746 1046 non
764 997 835 1069 ego
853 972 1005 1069 Vejovis
1023 975 1161 1060 oedem,

228 1088 362 1162 AEdem
376 1113 451 1162 non
469 1091 595 1185 magni
614 1089 784 1187 suspicer
800 1088 1035 1183 esseJovisl

177 1201 354 1300 Jamque,
372 1205 437 1278 ubi
454 1205 658 1278 caeruleum
675 1205 872 1277 variabunt
888 1203 1013 1278 sidera
1029 1205 1182 1288 coelum,

230 1319 411 1416 Suspice:
441 1318 632 1415 Gorgonei
650 1320 748 1393 colla
764 1320 1030 1416 videbisequi.
1148 1324 1220 1394 450

177 1431 357 1507 Creditur
374 1434 435 1506 hic
453 1458 561 1507 caesoe
579 1433 732 1529 gravida
748 1435 893 1511 cervice
911 1432 1088 1508 Medusae

229 1547 421 1643 Sanguine
440 1548 622 1645 respersis
640 1548 859 1646 prosiluisse
872 1549 988 1644 jubis.

209 1815 266 1863 445.
292 1813 465 1877 Argumentum
485 1815 676 1880 etymologicum.
725 1815 770 1864 bec
790 1831 816 1864 re
834 1815 927 1865 fabulas
945 1814 1053 1880 collegit.
1091 1816 1222 1872 Meliust,

176 1888 297 1937 Particula
314 1905 347 1943 or,
361 1889 500 1938 observante
516 1888 596 1938 Gellio
612 1887 676 1936 dicto
725 1889 831 1954 dispersa
841 1889 930 1939 variam
941 1891 1041 1938 formam
1052 1888 1146 1939 dabunt
1156 1889 1223 1945 coelo,

175 1963 237 2019 loco,
247 1962 366 2028 duplicem
377 1962 543 2026 significatum,
554 1961 675 2011 eumdem·
725 1962 854 2027 eleganter,
862 1962 968 2011 dictum:
985 1962 1069 2011 eodem
1081 1979 1152 2012 sensu
1160 1970 1222 2011 “ra-

177 2053 224 2103 que
241 2037 359 2086 diversum
377 2037 490 2092 babebat,
506 2052 579 2101 quum
592 2043 619 2085 et
633 2050 675 2083 au·
725 2037 786 2086 rium
797 2037 913 2092 coelum,''
924 2037 1026 2087 Metam.
1037 2036 1063 2084 ii.
1077 2038 1139 2087 loe:
1154 2036 1174 2067 '⁴‘
1184 2052 1222 2084 rs·

175 2110 260 2177 gendes
286 2119 311 2158 et
335 2109 468 2158 minuendas
489 2110 522 2158 rei
543 2108 675 2157 inserviret.
725 2111 819 2159 riabaut
829 2119 934 2175 tempora
943 2109 1029 2166 cani,”
1040 2111 1104 2158 Met.
1115 2110 1222 2159 xii.tse:

178 2184 279 2235 Ovidius
302 2184 404 2246 Velocem
424 2182 547 2248 explicuit,
566 2181 607 2246 qui
628 2197 674 2229 non
726 2190 742 2211 “
755 2182 847 2231 varians
858 2183 958 2248 capillos
966 2183 1091 2248 gemma,”
1102 2183 1223 2233 Amorr.1.

172 2259 272 2324 praedi
287 2267 436 2322 potestatem,
450 2257 492 2305 sed
508 2255 556 2303 vim
574 2255 675 2303 nocendi
723 2257 750 2305 ii.
762 2259 802 2305 41.
837 2258 1001 2313 Medusam
1014 2257 1221 2324 Gorgonemgrs·

176 2334 256 2382 babet.
288 2329 674 2394 Hancinterpretationemeoad-
723 2335 776 2380 eide
802 2340 854 2380 erat
880 2347 909 2380 ex
937 2331 1059 2396 Neptuno.
1093 2332 1223 2398 Amputato

173 2407 251 2472 jurat,
261 2403 323 2469 qued
334 2402 485 2450 simulacrum
497 2402 567 2466 hujus
578 2402 625 2449 Dei
636 2417 674 2450 sa-
723 2407 774 2470 ejus
789 2405 860 2461 eollo,
871 2405 944 2454 soetus
959 2420 1013 2453 eum
1029 2407 1147 2470 sanguim
1163 2405 1222 2455 mi.

175 2480 248 2544 gittas
261 2484 414 2539 teneatque
430 2474 478 2524 sint
492 2485 579 2539 perata
591 2475 621 2524 nd
633 2491 671 2524 no·
722 2479 776 2535 luit,
792 2493 871 2542 neque
891 2479 996 2543 Pegasus
1017 2487 1120 2536 tantum,
1135 2479 1180 2528 sed
1199 2487 1223 2527 et

175 2550 286 2600 eeudurn.
323 2549 460 2614 Vegrondie.
493 2549 573 2597 Etiam
590 2550 673 2598 Festus
722 2551 841 2616 Chrysaor
860 2550 946 2609 fratem
973 2551 1028 2600 ride
1047 2551 1182 2602 Hesiodum
1199 2560 1223 2601 st

176 2631 193 2653 ‘¹
208 2622 349 2686 vegrandem
372 2621 450 2670 labam
473 2622 604 2671 minutam'’
624 2622 672 2671 dici
722 2624 1036 2690 Apollodorumdictloee.
1069 2625 1161 2675 Acille
1171 2625 1222 2690 qui·

175 2697 254 2746 tradit.
288 2698 363 2744 Varro
373 2695 403 2744 de
415 2695 447 2744 R.
455 2696 527 2744 Rust.
536 2695 622 2744 ii.2.“
633 2713 672 2745 re·
722 2697 775 2746 dem
789 2714 876 2746 nornen
892 2698 947 2746 inde
963 2699 1063 2763 accepit,
1075 2697 1141 2763 qued
1151 2713 1222 2764 prope

177 2768 545 2835 grandesetirnbecillmoves.”
567 2771 606 2818 De
614 2786 672 2819 voce
721 2772 803 2820 oceani
815 2772 900 2827 sontes,
912 2773 1005 2837 πηγὸς,
1016 2781 1143 2821 batuam.
1165 2773 1223 2820 Pro·

175 2841 521 2901 uscusvideGellinm,xvi.5;
532 2843 672 2908 Phylargyr.
721 2847 815 2898 siluisse,
834 2844 959 2900 Hesiodus,
976 2844 1077 2910 ltidepe,
1095 2845 1161 2910 qnod
1181 2846 1221 2895 ‹le-

174 2917 206 2966 ad
222 2916 459 2980 Virgilium,Georg.
476 2916 512 2964 iii.
527 2919 581 2966 175.
597 2927 621 2965 et
637 2917 670 2964 ir.
721 2917 777 2966 inde
788 2926 812 2965 et
823 2918 863 2965 alii
873 2926 1004 2965 servarum.
1036 2917 1221 2966 anldiuem

176 2992 221 3040 131
231 3009 237 3050 ;
256 3000 281 3040 et
298 2992 401 3046 Festum,
412 3006 425 3039 a
443 2991 529 3054 quibus
544 2990 607 3038 inter
625 2991 673 3039 alia
722 2999 820 3056 accepto
829 2989 986 3055 Bellerophon
995 2990 1110 3039 adversus
1117 2991 1222 3039 Chime-

172 3065 298 3120 minutum,
315 3064 385 3120 exile,
406 3079 510 3112 macrum
531 3064 671 3128 explicatur.
721 3079 770 3112 ram
782 3074 862 3112 rectus
872 3072 915 3112 est.
948 3064 1008 3112 lude
1019 3064 1095 3112 victor
1105 3080 1220 3120 resenas,

174 3139 273 3194 Plinius,
285 3138 325 3187 rii.
342 3140 382 3186 20.
397 3144 415 3166 “
429 3153 497 3186 vesco
513 3152 616 3201 corpore,
630 3136 671 3184 sed
722 3153 794 3200 quum
812 3137 842 3185 ad
853 3137 940 3185 coelurn
955 3138 1048 3185 evolare
1059 3138 1222 3195 contenderet,

173 3213 265 3262 eximiis
275 3212 387 3262 viribus.''
421 3212 458 3259 Ac
474 3213 558 3259 Festus
575 3210 671 3274 quidem
722 3211 827 3274 Pegasus
844 3226 858 3257 a
874 3213 935 3259 Jove
954 3211 1067 3265 irritatus,
1086 3220 1161 3260 metro
1178 3213 1221 3261 im·

172 3288 244 3336 etiam
252 3286 601 3351 VeJ'oveminterpretaturcurn
609 3285 671 3331 Nos·
721 3284 800 3338 misso,
812 3284 916 3332 excussit
935 3284 1052 3347 equitem3
1070 3285 1171 3334 Pindar.
1186 3286 1221 3334 ls-

173 3369 209 3410 tro
219 3377 315 3422 pureum
327 3360 411 3406 Jovem.
721 3359 780 3406 tbrn.
792 3360 818 3405 Z.
830 3360 862 3405 60
877 3375 936 3422 sqq;
953 3359 1072 3421 Hyginus,
1085 3359 1151 3407 dicto
1161 3360 1221 3408 loco.

206 3434 345 3483 tte—458.
380 3432 463 3493 Pegasi
488 3433 570 3476 collum
596 3433 671 3476 oritur
721 3432 784 3479 Hinc
799 3432 918 3487 Horatius,
930 3432 975 3479 IV.
986 3432 1034 3480 Od.
1045 3433 1078 3479 xi.
1089 3433 1131 3480 27.
1142 3439 1159 3461 ‘⁴
1172 3433 1220 3481 ales

174 3507 274 3556 bellare.
296 3502 442 3552 Kelenderis
450 3503 563 3550 nonnulla
574 3513 598 3550 et
607 3503 670 3552 hunc
720 3506 825 3568 Pegasus
836 3513 952 3553 terrenum
968 3504 1072 3568 equitem
1084 3505 1222 3568 gravatus.”

173 3588 259 3633 ortum,
275 3587 299 3626 et
312 3576 409 3641 Vejovis
426 3577 541 3640 templum
558 3577 670 3640 superiori
721 3577 801 3639 Lepre,
813 3578 921 3625 celeriter
932 3585 1021 3625 evecto.
1043 3577 1222 3643 Hippocrenen,

174 3652 342 3701 dieitribusnt.
374 3649 422 3696 Hic
434 3664 528 3713 quoque
536 3650 618 3699 sideris
625 3652 669 3699 ori·
721 3652 809 3699 iontem
825 3650 849 3698 in
867 3651 990 3705 Helicone,
1001 3659 1080 3698 monte
1099 3653 1187 3710 Aonie,
1197 3653 1222 3702 id

174 3727 254 3790 ginem
270 3723 348 3778 refert,
363 3738 433 3785 quarn
451 3724 552 3771 Metam.
569 3724 600 3771 iv.
614 3726 670 3773 784.
719 3733 756 3772 est
774 3724 883 3779 lloeotiae,
901 3725 1002 3772 Metam.
1021 3723 1080 3771 dict.
1097 3725 1144 3774 loc.
1162 3726 1223 3775 dura

174 3809 201 3847 ut
216 3798 307 3845 vt'outeru
320 3797 351 3845 ab
368 3811 396 3843 eo
413 3796 500 3843 lactum
516 3799 670 3847 Menates
720 3799 809 3860 ungula
835 3803 907 3858 rupit,
929 3797 973 3845 hoc
999 3799 1051 3845 loro
1069 3799 1149 3861 fodit.
1183 3799 1222 3849 Sic

173 3889 209 3936 sq.
220 3871 303 3935 paucis
320 3869 405 3933 attigit.
438 3869 515 3916 Etiam
531 3887 593 3919 nnuc
606 3873 670 3936 justo
720 3871 1047 3920 eriamltmil.1rin.i.as4:
1066 3873 1222 3923 “Musarum

173 3945 308 3994 breviorest
318 3952 342 3991 et
351 3944 515 3992 subobscurus.
538 3945 576 3993 cf.
586 3945 668 3994 Hesio-
720 3957 746 3993 ut
758 3946 841 3993 latices
856 3945 945 4009 ungula
961 3944 1020 3994 ludit
1035 3946 1118 4009 equi.”
1151 3949 1224 3998 Sidus

172 4021 218 4069 dus
228 4018 316 4080 Theog.
326 4018 375 4065 280
389 4032 441 4081 sqq.
453 4025 477 4064 et
492 4018 554 4077 3253
570 4018 668 4083 Apollo·
719 4033 769 4066 esse
778 4019 956 4083 jussitlupiter.
979 4020 1224 4085 tlur'uprredsoesrpes,

172 4093 252 4147 dorus,
263 4091 297 4138 ll.
314 4090 347 4138 iii.
362 4093 394 4149 25
414 4099 438 4138 et
455 4091 486 4138 iv.
504 4093 536 4150 23
552 4092 669 4155 Hyginus,
719 4092 798 4139 Hodie
813 4094 854 4140 89.
866 4092 941 4141 stelin
959 4093 983 4139 in
999 4108 1028 4141 eo
1045 4092 1124 4141 sidere
1139 4110 1226 4144 nume·

172 4165 263 4214 Poetic.
281 4164 376 4230 Astron.
393 4164 417 4212 ii.
433 4167 469 4213 tt.
485 4164 525 4228 qui
543 4163 619 4212 varias
638 4165 668 4213 de
719 4174 806 4214 rantur.
