2806 5018
104 799 210 892 AD
254 801 547 894 LIVIAM
591 804 1052 920 AUGUSTAM,

550 1007 608 1065 ΒΕ

202 1180 414 1300 MORTE
449 1183 640 1269 DRUSI
675 1186 963 1285 NERONIS‚

465 1396 569 1457 FILII
591 1399 706 1469 EIUS,

358 1601 807 1677 CONSOLATIO*.

487 1845 681 1896 -4-

52 2017 195 2109 Vlsu
222 2038 286 2109 diu
306 2024 409 2123 felin,
431 2053 549 2113 mater
567 2040 677 2112 modo
695 2040 798 2113 dicta
817 2039 1023 2125 Neronum,

109 2148 196 2226 Jam
215 2152 284 2226 tibi
301 2154 498 2227 dimidium
518 2154 678 2227 nominis
697 2154 810 2251 hujus
827 2156 959 2229 abest:

55 2266 81 2338 J
84 2290 148 2339 am
163 2267 259 2364 legis
278 2269 315 2340 iu
335 2269 501 2342 Drusum
520 2272 744 2358 miserabile,
767 2270 882 2357 Livia,
903 2296 1078 2346 carmen:

114 2380 253 2468 Unum,
273 2384 339 2480 qui
357 2385 459 2458 dicat
472 2388 551 2481 jaun
571 2386 652 2472 tibi,
672 2397 803 2472 mater,
822 2386 952 2462 habes.

59 2496 145 2571 Nec
164 2511 230 2571 tue
247 2511 283 2572 te
303 2500 425 2597 pietas
443 2500 626 2574 distendit
644 2526 770 2577 amore
787 2501 968 2578 duorum:
1088 2507 1111 2576 5

113 2612 195 2687 Nec
214 2614 336 2712 posito
355 2616 406 2687 fill
424 2616 586 2702 nomine,
607 2616 726 2704 dicis;
759 2616 881 2692 Uter?

92 2800 108 2826 “
126 2796 222 2846 “Livia
239 2798 349 2847 amiserat
361 2798 435 2847 ulium
449 2801 561 2856 Drusum,
613 2800 701 2866 ubique
712 2801 779 2850 illurn
793 2800 838 2848 eibi
850 2799 960 2865 privatim
971 2800 1114 2865 publiceque

58 2871 487 2938 magnumsutururnprincipem,jam
496 2889 561 2938 mag·
613 2884 787 2938 representare,
805 2882 830 2922 et
850 2873 1004 2922 libentissime
1021 2875 1051 2921 de
1072 2874 1114 2923 illo

60 2942 214 2993 numducem
216 2978 284 2997 .....
302 2946 440 2995 Accedebat
456 2947 562 2997 adhunc
613 2946 686 3011 loqui,
704 2948 734 2996 de
750 2946 793 2996 illo
809 2945 920 2995 audire.’'
951 2948 1034 2996 Seuec.
1049 2947 1114 2996 Con·

58 3026 171 3073 mortetn,
184 3034 255 3083 quern
266 3019 307 3068 ille
319 3037 362 3085 pro
376 3021 498 3085 republica
513 3021 562 3069 obi·
613 3020 683 3069 solat.
705 3021 736 3069 ad
757 3020 883 3076 Marciam,
906 3020 1021 3069 Cremutii
1041 3019 1115 3069 Cordi

58 3101 122 3149 erat,
147 3092 231 3156 lugens
258 3094 355 3150 civium,
378 3094 562 3159 provinciarum·
614 3093 702 3152 liliam;
719 3094 752 3143 iii.

60 3175 155 3233 que,et
168 3167 240 3216 turim
256 3167 505 3227 Italiaedesidcriurn3
522 3184 563 3234 per
649 3171 669 3218 l.
688 3169 766 3217 Mater
791 3171 855 3215 modo
883 3170 947 3216 dicte
972 3167 1111 3233 Neronum]

61 3255 135 3306 quam
146 3240 228 3289 etl'uais
240 3241 265 3289 in
281 3241 384 3291 officium
396 3242 495 3307 lugubre
510 3258 561 3291 mn·
612 3240 699 3290 Tiberii
717 3241 770 3289 scil.
784 3250 809 3288 et
826 3239 907 3295 Drusi,
922 3255 983 3305 quos
998 3255 1028 3289 err
1044 3239 1114 3304 priori

62 3311 159 3378 nieipiis
177 3313 330 3379 coloniisque,
347 3317 463 3380 usquein
481 3316 563 3363 urbem
613 3313 822 3380 conjugeTiberio
838 3314 933 3362 Nerone
951 3312 1019 3362 Livio
1035 3327 1116 3362 curce·

61 3388 160 3437 ductum
178 3397 229 3437 eret
242 3388 320 3446 funus,
335 3389 454 3454 triumpho
471 3389 562 3438 similli-
614 3398 689 3454 perat.

60 3477 138 3510 muru.
172 3461 227 3509 Nou
254 3462 353 3511 licuerat
379 3462 456 3519 matri,
480 3462 564 3512 ultima
646 3464 706 3519 at.
726 3462 981 3525 Miserabilecarnreu]
1012 3460 1051 3511 nd
1066 3459 1113 3509 mi·

61 3536 104 3585 filii
126 3536 216 3592 oscula,
234 3544 375 3601 gratumque
395 3538 494 3585 extremi
515 3554 563 3586 eer-
614 3536 765 3585 sericordiam
783 3535 980 3584 commovendam
1000 3534 1116 3600 compuri·

61 3625 156 3658 monem
177 3608 223 3658 orie
241 3610 343 3658 haurire.
381 3611 461 3675 Longo
480 3610 564 3660 itinere
615 3620 675 3658 tum.
709 3611 747 3659 Sic
758 3609 821 3676 apud
830 3608 916 3673 virgil.
930 3609 1062 3658 Philomela
1073 3612 1116 3657 ml·

61 3682 177 3748 reliquiae
184 3683 258 3732 Druai
268 3684 304 3731 sui
317 3695 468 3749 prosequuta,
479 3692 514 3732 tot
524 3700 565 3750 per
615 3686 710 3733 rerubilc
727 3701 817 3732 carmen
834 3682 1061 3751 integrat-Unum
1078 3687 1118 3747 qui

62 3773 157 3806 omnem
169 3757 265 3805 Iteliam
276 3758 413 3807 ardentibus
423 3758 566 3824 rogis,quasi
616 3761 747 3813 clientem.
781 3758 802 3805 E
814 3756 906 3806 duobus
922 3757 976 3807 liliis
991 3774 1052 3805 unrre
1064 3766 1117 3805 tan·

62 3830 134 3879 toties
149 3830 217 3878 illurn
233 3833 359 3889 amitteret,
370 3831 470 3888 irritata,
481 3841 508 3880 ut
518 3832 565 3897 pri-
617 3841 668 3880 tum
685 3839 799 3896 superest,
811 3830 852 3895 qui
867 3831 932 3879 dulci
944 3840 968 3879 te
980 3830 1062 3878 matris
1078 3844 1120 3878 no·

62 3920 128 3952 mum
146 3913 225 3952 tamen
243 3904 323 3953 intulit
340 3906 439 3962 tumulo,
454 3905 523 3955 timul
543 3898 570 3954 et
617 3904 680 3954 mine
697 3903 839 3970 compellet!
875 3904 942 3953 Idem
953 3903 1018 3968 quod
1032 3918 1117 3968 snpra:

61 3977 141 4033 illurn,
158 3987 183 4026 et
199 3979 303 4028 dolorem
322 3996 390 4029 snum
408 3980 504 4044 posuit,
522 3996 566 4029 nec
617 3980 670 4028 lam
685 3981 725 4027 tibi
737 3981 857 4027 dimidium
869 3981 965 4027 nominir
976 3978 1045 4039 hujus
1056 3981 1120 4040 (rna-

61 4051 117 4116 plus
133 4051 219 4107 doluit,
230 4068 302 4116 quam
318 4062 360 4102 eut
374 4052 499 4101 honestum
516 4062 567 4102 erat
617 4053 672 4115 tris)
685 4057 762 4111 ubertJ
780 4063 805 4101 et
816 4053 846 4101 ad
857 4051 988 4100 Ouidianoa
1003 4049 1085 4098 modos
1095 4057 1119 4097 et

61 4125 217 4180 emanant
232 4142 328 4190 aequum
342 4127 419 4175 matri.
454 4128 509 4176 Non
525 4127 565 4177 de·
618 4127 685 4191 quasi
697 4136 769 4175 nutur
785 4125 920 4190 aptissimus
931 4136 995 4177 anne,
1006 4123 1048 4186 qui
1058 4120 1119 4178 lucc,

58 4199 277 4321 mpigssuennmd
292 4201 327 4249 aui
338 4201 458 4250 celebrare
472 4216 566 4256 nomen,
618 4200 637 4246 ni
648 4216 695 4248 non
706 4199 808 4319 Origine
819 4200 876 4263 ipre,
888 4196 990 4261 scripsit.

166 4307 172 4322 .
204 4273 222 4322 ⁷.
716 4274 730 4319 3
