2806 5018
490 355 751 427 PASTORUM
774 360 866 427 ΠΒ.
890 361 919 426 Ι.
1192 360 1237 429 11

184 522 352 607 Lucidus
371 533 433 606 hic
450 557 526 618 aer,
546 542 597 620 et,
617 557 703 630 quae
721 535 793 608 tria
809 558 967 633 corpora
984 545 1139 623 restent,
1163 536 1233 611 105

234 645 353 742 Ignis,
372 672 496 746 aquae,
516 648 640 734 tellus,
660 673 756 723 unus
775 674 931 725 acervus
949 661 1068 725 erant.

184 760 240 834 Ut
256 762 375 837 semel
392 763 473 837 haec
490 786 614 836 rerum
632 765 792 839 secessit
809 766 874 840 lite
894 787 1058 852 suarum,

235 875 358 974 Inque
376 901 492 952 novas
510 878 604 952 abiit
620 902 747 953 massa
764 881 889 954 soluta
906 881 1060 970 dom0s;

182 991 354 1066 Flamma
371 996 467 1091 petit
484 994 623 1083 altum3
653 995 803 1092 propior
819 995 926 1069 locus
944 1019 1032 1070 aere
1048 995 1174 1095 cepit:

235 1106 425 1182 Sederunt
440 1108 566 1182 medio
584 1120 685 1182 terra
700 1107 915 1207 fretumque
933 1110 1027 1184 solo.
1161 1113 1232 1184 110

180 1220 290 1295 Tunc
301 1247 384 1319 ego,
392 1222 458 1321 qui
469 1221 611 1298 fueram
622 1224 771 1321 globus,
779 1236 819 1298 et
829 1225 910 1299 sine
920 1224 1083 1320 imagine
1094 1225 1229 1312 moles,

234 1336 280 1410 In
298 1336 431 1413 faciem
450 1339 556 1426 redii,
575 1340 767 1438 dignaque
784 1343 954 1416 membra
969 1341 1055 1415 deo.

182 1451 219 1525 N
222 1476 295 1527 unc
306 1476 471 1552 quoque,
480 1454 646 1529 consuere
656 1457 847 1552 quondam
862 1468 1076 1555 notaparva
1086 1455 1228 1552 figure,

232 1567 333 1643 Ante
350 1571 454 1667 quod
471 1570 586 1645 estin
603 1594 677 1657 me,
696 1582 861 1671 postque
878 1572 1026 1646 videtur
1043 1571 1157 1644 idem.

181 1682 340 1782 Accipe,
354 1686 525 1783 quaesitae
542 1710 628 1784 quae
647 1710 763 1761 cause
783 1687 834 1761 sit
851 1688 969 1762 altera
986 1687 1134 1775 formae;
1159 1689 1230 1760 115

232 1798 344 1874 Hanc
360 1802 473 1875 simul
491 1812 533 1875 ut
548 1803 663 1890 noris,
682 1803 923 1901 officiumque
941 1828 1080 1878 meum.

179 1913 378 2014 Quidquid
388 1917 655 2016 ubiquevides,
662 1919 937 2007 coelum,mure,
945 1920 1087 2006 nubila,
1095 1927 1228 2008 terras3

232 2031 373 2107 Omnia
389 2044 477 2108 eunt
493 2044 622 2109 nostra
637 2036 767 2109 clausa
783 2044 991 2134 putentque
1009 2057 1137 2108 manu.

179 2144 249 2222 Me
268 2172 386 2248 penes
403 2160 464 2225 est
480 2176 596 2225 unum
612 2153 710 2226 vasti
728 2151 902 2226 custodia
922 2149 1074 2223 mundi:

232 2261 284 2336 Et
296 2266 361 2362 jus
378 2267 548 2339 vertendi
568 2267 731 2340 cardinis
748 2292 859 2342 omne
877 2290 1004 2340 meum
1021 2274 1093 2340 est.
1157 2267 1227 2336 120

177 2378 307 2464 Quum
324 2379 437 2455 libuit
456 2381 596 2457 Pacem
614 2383 774 2481 placidis
792 2382 966 2458 emittere
985 2378 1118 2467 tectis;

230 2493 368 2570 Libera
384 2508 588 2597 perpetuas
607 2499 775 2572 ambulat
791 2498 856 2572 illa
871 2497 964 2591 vias.

178 2604 378 2707 Sanguine
389 2611 534 2687 letifero
552 2623 654 2687 totus
672 2613 891 2688 miscebitur
908 2611 1022 2698 orbiS,

229 2723 281 2798 Ni
298 2736 452 2802 teneant
469 2726 598 2825 rigidae
616 2728 770 2802 condita
786 2729 887 2803 bella
903 2749 1009 2802 sere.

210 2872 267 2922 115.
278 2868 318 2922 Ab
328 2873 401 2939 officio
409 2873 502 2924 initium
512 2874 579 2932 tecit,
587 2883 611 2925 et
619 2874 675 2924 inde
725 2874 751 2924 N
752 2891 808 2924 uine
818 2874 920 2924 indicem
930 2872 988 2922 belli
1000 2880 1025 2921 ct
1039 2870 1106 2937 pecie
1118 2886 1170 2920 eece
1180 2883 1224 2919 vo·

173 2962 192 2996 ι
211 2962 261 2996 ver.
279 2949 320 2997 ³4.
342 2950 440 2998 eiterm
460 2965 552 2998 courum
572 2949 675 3015 eubjicit.
725 2949 810 2998 lueret.
844 2947 873 2997 Id
894 2956 969 3014 poete
989 2946 1053 2995 varie
1072 2950 1224 2994 exornarunt.

173 3019 191 3069 J
193 3034 254 3069 unue
266 3022 371 3071 omnium
379 3022 513 3088 innuerem,
524 3031 573 3072 tem
584 3038 627 3088 per
637 3038 674 3071 or·
727 3021 779 3072 Hoc
791 3023 843 3072 loco
852 3023 929 3072 Jcnur
941 3019 1030 3085 templo
1045 3034 1089 3066 eun
1097 3019 1186 3066 Peeem
1199 3023 1224 3065 et

174 3094 233 3144 bem
248 3101 372 3154 terrerum,
382 3095 493 3160 quemin
508 3095 676 3160 calepmeee
725 3096 831 3152 Bellum,
859 3104 981 3159 temqnem
1012 3105 1132 3156 penonue,
1159 3096 1225 3138 tenet

175 3167 322 3232 clevigerct
335 3178 423 3219 cuetoe.
455 3169 673 3234 Jenneoperaje·
724 3171 815 3226 cleuee,
826 3177 851 3218 et
860 3184 903 3234 pro
917 3165 1015 3216 erbitrio
1027 3178 1091 3213 nunc
1102 3164 1146 3211 hoc
1157 3166 1224 3212 eruit·

175 3240 260 3291 nitoris
273 3241 311 3291 rel
328 3242 471 3308 petent,ch
487 3243 575 3291 cluere
592 3250 675 3292 tenen·
725 3243 924 3299 tinnunculum.
956 3237 1030 3304 Apud
1040 3236 1174 3294 Horatium,
1185 3238 1222 3287 11.

175 3327 223 3366 tur.
241 3315 304 3365 Hinc
313 3317 389 3366 omnir
396 3317 464 3365 iocur
470 3331 572 3381 eoquens
578 3315 676 3381 pendet.
724 3319 771 3382 Ep.
781 3316 919 3380 metipso
929 3312 1016 3363 cleueir
1023 3311 1147 3377 inquiunt
1156 3311 1223 3377 pecie

175 3390 200 3438 A
211 3389 355 3454 quibncdm
364 3391 442 3441 Jcnue
450 3389 491 3438 Sol
501 3388 641 3446 hebebatur,
650 3399 675 3439 et
725 3398 807 3440 unctor
817 3396 937 3444 etcnrtoe,
945 3386 1077 3436 cohibetur.
1088 3384 1160 3449 Apud
1168 3385 1223 3434 Vir·

174 3462 232 3512 ideo
247 3462 363 3528 geminus,
374 3463 441 3528 queri
458 3462 580 3528 utrimque
592 3463 674 3528 janue
724 3465 816 3532 gitium,
831 3465 888 3512 AEn.
904 3459 946 3511 vii.
958 3461 1005 3509 607
1022 3474 1073 3524 seq.
1086 3459 1181 3508 Bellum
1197 3466 1223 3508 et

174 3535 282 3587 nterii
297 3544 389 3602 potent.
400 3536 442 3601 qui
460 3537 568 3585 exoricne
585 3536 675 3601 aperiet
724 3538 791 3588 More
800 3537 880 3586 vincte
894 3542 1011 3589 tenentur.
1022 3533 1121 3583 custode
1132 3533 1156 3580 in
1167 3532 1221 3581 tori·

174 3609 481 3666 diemoccideneclendnt.
506 3610 602 3666 Nubite,
610 3625 674 3659 ecre.
723 3613 769 3660 bue
795 3613 865 3662 Jeno.
905 3610 1039 3671 Perpetuus.
1074 3606 1221 3654 vetustiores

177 3685 272 3733 Vertere
282 3681 407 3741 cadim,
417 3683 508 3750 eperire
524 3691 549 3731 et
563 3683 675 3733 claudere
724 3685 831 3749 plerique
843 3700 885 3746 per
901 3693 971 3738 tutae.
983 3680 1047 3746 qnod
1064 3679 1121 3728 mihi
1135 3680 1223 3744 placet.

169 3759 282 3824 jennem.
307 3757 412 3815 Meno,
424 3756 587 3823 antiquissimo
597 3757 674 3806 truie
724 3759 771 3808 Sed
791 3757 903 3807 Heinsius
922 3763 1000 3804 tuetur
1017 3763 1146 3817 perpetuen
1162 3753 1222 3818 quie

173 3848 242 3898 rege,
251 3831 374 3883 donorum
384 3833 469 3890 velue,
480 3848 538 3882 rere
555 3840 580 3880 et
595 3831 675 3881 cleree
723 3834 841 3881 ambulare
852 3846 907 3879 curn
921 3827 1056 3878 accusativo
1069 3827 1220 3875 construitur.

172 3905 462 3971 uoegiurmjenneqm
476 3906 547 3973 dicte
560 3920 673 3954 crecere·
725 3905 853 3970 Letiferum
881 3904 1015 3968 congruerem
1044 3900 1131 3949 Neuter
1159 3899 1222 3948 dixit

173 3979 302 4029 debentur.
331 3977 673 4044 Enempliceueeeterreetri-
723 3980 795 4028 etiam
817 3978 887 4026 Rem.
904 3977 961 4024 Am.
977 3975 1017 4023 26.
1038 3973 1095 4039 quie
1115 3972 1219 4038 profusio

171 4055 221 4103 bne
238 4053 314 4101 Poeta
333 4062 526 4117 memoretque
547 4051 632 4099 Rome
649 4050 675 4100 in
723 4052 844 4116 sanguinis
858 4057 956 4098 mortem
968 4046 1054 4097 adfert.
1078 4048 1219 4103 Miccotr'ter,

171 4125 259 4193 primis
283 4125 457 4183 memorebiiee,
480 4127 568 4192 januae
595 4125 673 4179 Pacis.
724 4135 751 4175 ut
775 4125 841 4191 apud
864 4122 988 4173 historicoe
999 4121 1069 4186 ferro
1081 4123 1222 4185 staremque

172 4198 291 4252 videlieet
315 4197 675 4265 criminantiumque
724 4203 811 4250 mtrem
821 4203 896 4249 mnia
905 4197 1026 4247 dicuntur.
1138 4186 1148 4201 '
