2806 5018
470 346 730 417 FASTORUM
754 347 845 413 Llu.
870 348 920 414 11.
1179 347 1222 413 ul

172 526 252 600 Seu
270 524 342 598 fuit
357 524 517 598 occultis
534 523 625 598 felix
645 524 682 597 in
702 522 890 597 amoribus
908 521 1036 608 index,

224 639 389 714 Lesbida
405 663 492 713 cum
510 638 662 713 domino
680 663 748 712 seu
766 638 854 711 tulit
870 637 932 711 ille
950 638 1082 736 lyram.

171 756 287 843 Quod
303 778 406 830 mare
424 780 501 829 non
518 755 632 841 novit,
651 780 737 853 quae
755 755 877 830 nescit
893 754 1035 829 Ariona
1050 754 1190 829 tellus?

225 871 403 945 Carmine
420 880 614 944 currentes
631 869 694 944 ille
711 871 866 945 tenebat
884 895 1016 969 aquas.

173 990 287 1088 Saepe
301 1012 468 1086 sequens
485 1011 621 1084 agnam
635 987 748 1085 lupus
765 997 824 1061 est
839 987 909 1061 hac
924 1010 1016 1061 voce
1030 997 1220 1075 retentus;

225 1104 338 1203 Saepe
356 1103 507 1177 avidum
524 1101 671 1199 fugiens
689 1103 826 1177 restitit
843 1127 941 1200 agna
957 1103 1112 1201 lupum;
1173 1107 1221 1177 86

169 1220 287 1318 Saepe
304 1243 420 1294 canes
437 1218 663 1318 leporesque
680 1218 814 1293 umbra
830 1219 996 1292 cubuere
1013 1218 1084 1295 sub
1102 1242 1200 1309 una;

225 1334 277 1409 Et
294 1337 401 1409 stetit
418 1334 457 1407 in
473 1358 566 1407 saxo
584 1333 755 1431 proxima
772 1358 883 1408 cerva
898 1335 990 1423 leae;

173 1450 226 1524 Et
243 1451 325 1524 sine
342 1451 409 1526 lite
427 1451 568 1550 loquax
585 1474 673 1524 cum
691 1449 858 1524 Palladis
876 1449 966 1525 alite
983 1450 1114 1524 cornix

225 1567 355 1654 Sedit;
383 1577 424 1641 et
440 1567 610 1665 accipitri
623 1569 757 1665 juncta
774 1566 950 1639 columba
966 1565 1049 1641 fuit.
1173 1569 1222 1639 90

174 1682 345 1782 Cynthia
360 1707 462 1782 saepe
480 1683 555 1757 tuis
575 1683 704 1770 fertur,
724 1683 863 1757 vocalis
881 1681 1010 1770 Arion,

224 1797 437 1896 Tamquam
453 1798 627 1873 fraternis
644 1799 886 1897 obstupuisse
904 1798 1038 1873 modis.

174 1915 212 1988 N
214 1938 326 1989 omen
344 1913 538 1990 Arionium
557 1915 706 1990 Siculas
725 1916 944 2014 impleverat
961 1914 1085 2001 urbes,

226 2030 428 2128 Captaque
445 2043 526 2106 erat
543 2032 671 2130 lyricis
688 2031 855 2106 Ausonis
872 2055 937 2106 ora
954 2031 1080 2120 sonis;

171 2146 270 2222 Inde
279 2146 434 2222 domum
444 2158 619 2246 repetens
630 2149 788 2249 puppim
799 2146 1020 2222 conscendit
1030 2144 1159 2232 Arion,
1173 2149 1221 2220 95

223 2262 354 2360 Atque
372 2261 425 2336 ita
442 2264 621 2360 quaesitas
640 2274 718 2338 arte
737 2263 881 2338 ferebat
897 2288 1002 2362 opes

174 2376 361 2464 Forsitan,
381 2376 524 2464 infelix,
542 2391 675 2453 ventos
692 2380 909 2478 undamque
927 2378 1107 2467 timebas;

224 2493 279 2565 At
296 2492 363 2565 tibi
381 2516 476 2567 nave
495 2503 560 2567 tua
577 2494 695 2568 tutius
713 2519 841 2594 aequor
858 2505 961 2569 erat:

207 2704 249 2752 83.
268 2702 334 2756 Quod
345 2703 431 2766 mare]
451 2702 545 2768 Nempe
557 2702 621 2752 circa
636 2702 673 2751 in·
724 2719 789 2761 voce,
800 2706 926 2766 oltupuirse
936 2702 1058 2753 dicuntur.
1084 2701 1123 2750 Sic
1134 2702 1224 2752 Cerbe-
1328 2735 1332 2750 .

172 2777 242 2826 sulm
258 2775 299 2825 ille
320 2783 425 2840 questus
442 2791 515 2825 eausa
534 2778 674 2839 vagabatur.
724 2795 812 2845 meap.
827 2778 960 2834 Horatium,
972 2786 996 2827 et
1010 2777 1095 2826 intime
1106 2777 1159 2826 Iaeti
1173 2785 1223 2826 tar·

174 2852 289 2898 Resiitere
314 2865 356 2915 pro
383 2849 519 2905 comittere,
540 2849 675 2899 subsistere.
724 2863 776 2902 tara
797 2853 859 2920 apud
884 2852 1009 2917 Virgilium
1037 2861 1128 2913 turpent
1150 2858 1223 2900 cantu

176 2923 240 2972 Vide
250 2922 381 2972 schum.
391 2922 422 2971 ad
432 2923 545 2997 Atinium,
555 2939 641 2988 pan-x.
651 2926 675 2974 ⁴.
725 2927 802 2977 Alcei
817 2937 842 2977 et
859 2928 964 2994 Orphei;
989 2937 1015 2976 et
1031 2925 1061 2975 de
1074 2927 1129 2976 Dea
1146 2925 1224 2974 minus

174 3000 223 3047 Sub
233 3000 315 3046 umbro
324 2997 437 3055 solemne,
445 2999 580 3046 nametmb
590 3014 630 3062 pro
641 3002 675 3054 in,
725 3001 770 3051 hoc
782 3004 846 3051 verb.
857 3002 943 3068 placet.
976 3000 1065 3049 Melius
1080 3000 1163 3048 Horat.
1176 2998 1226 3046 111.

172 3081 199 3120 et
210 3074 343 3136 eutropio
354 3071 436 3120 arbore
449 3071 552 3136 ponitur.
586 3070 676 3121 latmo
726 3075 819 3124 Odri.
832 3071 1122 3136 8.·‘Dicmodoe,l.yde
1136 3071 1224 3135 quibus

172 3145 275 3195 offendit
286 3144 418 3202 licinium,
430 3161 472 3210 pro
486 3160 534 3209 quo
548 3146 675 3195 malebate
726 3149 858 3198 obstinatas
874 3148 988 3213 Applicet
1000 3143 1094 3194 auren''
1129 3144 1226 3200 Verulis,

175 3218 389 3280 Puteanoinseetae.
400 3218 447 3268 Sed
456 3218 576 3267 innatet
583 3222 677 3281 rupitne
726 3233 818 3279 cantus,
829 3231 855 3270 ut
865 3223 947 3270 uocalis
958 3221 1061 3282 Orpheus
1071 3217 1179 3266 Horatio.

173 3292 328 3342 commoratio
344 3307 464 3341 cervorum
483 3300 555 3358 etque
573 3293 676 3343 leonum.
758 3299 799 3345 9³.
816 3295 895 3344 Etiam
916 3293 1050 3343 Herodotus
1072 3290 1178 3340 Siciliam
1199 3300 1224 3341 et

174 3367 302 3424 Preteren,
319 3366 414 3430 quode
433 3367 547 3416 Burman.
566 3368 676 3416 observa·
727 3370 821 3418 ltaliam
839 3368 953 3424 nominet,
968 3365 1010 3415 ubi
1025 3382 1082 3432 opes
1095 3365 1225 3429 collegerit.

174 3448 236 3495 tum,
245 3451 307 3488 utere
317 3443 342 3488 in
355 3457 406 3490 mro
420 3441 482 3490 bene
495 3441 606 3489 convenit
616 3458 676 3506 pre·
726 3443 798 3499 Illuc,
814 3443 883 3492 venia
901 3443 931 3490 ab
947 3439 1075 3490 Periandro
1091 3437 1226 3504 impetratu,

174 3513 271 3563 cedenti
282 3515 366 3563 eutero
378 3516 419 3563 ml
431 3515 523 3563 umbro.
559 3515 675 3566 Cornicen
725 3517 824 3566 abierat.
856 3517 959 3564 Tarento
982 3513 1108 3580 profectus,
1128 3512 1225 3562 domum

175 3598 200 3637 et
212 3599 324 3637 noctuam
336 3587 462 3636 inimicitia
474 3587 614 3647 intercedit;
631 3590 675 3637 AE·
725 3592 800 3640 redire
811 3589 895 3638 voluit.
921 3590 1030 3644 Qriaesitm
1038 3603 1095 3650 opu.
1118 3586 1225 3636 Herodo-

174 3661 255 3710 lianus
263 3661 451 3711 Autumno
460 3680 468 3721 ς
485 3662 566 3711 confer
575 3664 676 3712 Metam.
726 3674 773 3720 tus,
789 3663 957 3730 ἐργασάμενος
978 3661 1097 3727 χρὴματα
1114 3658 1226 3726 μεγάλας

174 3736 202 3784 ii.
215 3737 326 3800 teosqq.
338 3734 379 3783 ubi
388 3751 462 3784 resex
476 3735 563 3784 fabulis
571 3737 676 3786 refertur.
727 3739 845 3803 Hyginus.
860 3738 908 3787 fab.
921 3738 978 3787 194.
995 3742 1011 3764 “
1022 3737 1138 3800 Magnum
1152 3734 1226 3800 putri·

175 3809 296 3858 Craterum
307 3808 343 3856 his
359 3807 446 3857 similia
461 3809 532 3858 etiam
544 3809 677 3859 inSSlite·
726 3812 830 3860 monium
846 3810 1029 3876 acquisiverat.”
1062 3809 1130 3858 ldem
1144 3808 1175 3858 de
1188 3807 1225 3857 Si·

174 3884 208 3931 ris
223 3882 353 3946 legentum
369 3881 429 3930 Imi.
441 3883 473 3930 xi.
485 3884 509 3932 6.
526 3890 542 3910 “
552 3883 678 3933 Habitebit
728 3886 821 3935 monide
833 3886 940 3935 traditur.

173 3957 247 4020 lupus
264 3970 319 4004 cum
338 3971 409 4019 qno,
427 3957 515 4022 pardue
533 3973 588 4006 cum
605 3957 677 4008 hoedo
759 3962 799 4009 97.
826 3960 920 4024 Nempe
941 3959 986 4007 hoc
1007 3957 1068 4007 illud
1094 3965 1139 4013 est,
1161 3958 1225 4022 quod

174 4027 287 4081 cubabit:
306 4029 399 4080 vitulus
412 4040 437 4080 et
451 4032 488 4080 leo
502 4039 525 4080 et
542 4031 593 4080 ovis
607 4031 677 4081 simul
727 4033 847 4088 Horatius,
858 4032 893 4079 11.
908 4032 957 4081 od.
968 4030 1017 4080 xiii.
1034 4032 1128 4080 13-20
1139 4039 1217 4080 mouet

174 4103 357 4154 morabuntur.”
727 4123 773 4155 nou
784 4107 848 4172 quod
859 4105 960 4172 quisque
970 4105 1072 4155 maxime
1082 4066 1227 4160 timeateed

176 4210 181 4218 -
208 4179 249 4227 91.
264 4178 342 4229 Etiam
355 4176 398 4228 Dii
408 4185 434 4230 et
444 4177 551 4228 homiues
561 4177 625 4243 capti
636 4177 678 4229 illa
721 4179 876 4246 improvisam
899 4179 940 4229 leti
963 4179 1010 4227 vim
1037 4178 1104 4228 nobis
1130 4177 1228 4226 iustam.
