2806 5018
337 355 607 432 ..FASTORUM
633 355 723 421 Llll.
750 356 809 420 V1.
1037 356 1102 422 335

52 531 230 607 Herculis
248 531 423 617 adventu,
443 555 529 628 quae
548 530 622 604 vim
641 531 753 604 modo
770 529 866 605 ferre
884 531 1078 628 parabant,

102 648 245 746 Turpia
260 646 430 721 femineae
448 658 554 743 terga
571 647 710 721 dedere
728 647 848 741 fugae,

51 765 155 850 Quid
169 765 267 863 petis
280 763 381 851 hinc,
397 774 578 861 cognorat
591 765 704 850 enim,
716 774 918 837 matertera
933 762 1102 836 Bacchil

102 880 162 953 An
182 906 333 966 numen,
354 881 455 976 quod
474 905 547 965 me,
567 892 605 953 te
624 903 776 977 quoque
795 892 920 965 vexat,
940 880 1013 958 a'tt

53 997 125 1071 llla
143 998 256 1071 docet
273 998 427 1096 partim3
459 997 595 1096 partim
614 996 815 1095 praesentia
832 997 908 1068 nati
1029 1000 1101 1070 525

104 1114 306 1188 Continet:
336 1126 375 1188 et
391 1115 496 1188 furiis
514 1116 552 1186 in
570 1115 694 1188 scelus
713 1115 788 1186 isse
807 1113 936 1211 pudet.

54 1229 212 1322 Rumor,
231 1243 274 1303 ut
291 1242 350 1304 est
367 1232 490 1317 velox,
510 1231 659 1327 agitatis
678 1231 846 1328 pervolat
864 1231 954 1317 alis;

105 1344 253 1443 Estque
268 1346 459 1445 frequens,
479 1346 561 1433 ln0,
581 1370 716 1420 numen
735 1345 773 1418 in
791 1371 855 1420 ore
872 1357 991 1419 tuum.

54 1461 218 1562 Hospita
236 1463 450 1537 Carmentis
467 1463 562 1535 fidos
581 1462 740 1537 intrasse
758 1474 915 1560 penates

106 1578 267 1666 Diceris,
287 1591 326 1654 et
344 1580 494 1676 longam
511 1578 733 1677 deposuisse
751 1578 901 1653 famem.
1030 1583 1103 1651 530

56 1695 151 1770 Liba
167 1721 237 1770 sua
254 1707 454 1794 properata
464 1720 582 1790 ‚manu
599 1695 760 1793 Tegeaea
777 1696 953 1770 sacerdos

105 1813 281 1886 Traditur
298 1813 337 1886 in
354 1813 480 1886 subito
498 1824 609 1885 cocta
625 1810 777 1885 dedisse
796 1811 890 1885 foco.

55 1928 92 2002 N
96 1954 169 2035 unc
188 1952 340 2026 qnoque
357 1929 434 2002 liba
445 1930 581 2026 juvant
598 1927 704 2001 festis
723 1925 949 2001 Matralibus
968 1928 1093 2001 illam:

107 2044 267 2119 Rustica
284 2044 466 2119 sedulitas
483 2043 622 2140 gratior
640 2054 719 2118 arte
736 2042 817 2116 fuit.

56 2161 95 2237 N
98 2186 185 2250 unc,
202 2163 266 2243 ait,
285 2163 308 2234 ὁ
326 2174 443 2248 vates,
461 2160 649 2236 venientia
666 2161 742 2235 fata
759 2160 926 2258 resigna,
1031 2164 1104 2235 535

107 2277 194 2362 Qua
211 2279 317 2352 licet:
346 2277 519 2376 hospitiis
536 2278 620 2365 hoc,
640 2301 783 2376 precor,
803 2277 901 2351 adde
919 2278 1026 2352 meis.

52 2393 179 2468 Parva
196 2418 299 2467 mora
317 2405 395 2469 est:
425 2396 562 2467 coelum
579 2405 683 2468 rates
702 2418 745 2467 ac
764 2394 917 2467 numina
934 2394 1060 2480 sumit,

108 2508 244 2607 Fitque
263 2509 319 2582 sui
337 2520 417 2583 toto
435 2520 589 2608 pectore
606 2511 719 2625 plena
735 2509 809 2584 dei.

54 2623 135 2698 Vix
152 2626 254 2700 illam
272 2627 396 2702 subito
414 2652 546 2726 posses
564 2652 808 2726 cognoscere3
837 2639 941 2704 tanto

110 2741 296 2829 Sanctior,
316 2753 486 2829 attento,
507 2746 762 2841 quammodo,
781 2747 900 2843 major
917 2756 1010 2820 erat.
1033 2750 1107 2820 540

89 3023 147 3072 526.
176 3022 290 3079 Continet.
316 3032 417 3080 coercet,
442 3024 555 3090 reprimit,
606 3037 633 3077 ut
647 3028 719 3077 etiam
738 3043 800 3077 nuuc
816 3026 958 3076 Matralibus
974 3023 998 3074 id
1015 3025 1105 3074 iaciunt

53 3095 173 3162 impedit;
189 3096 282 3154 Cicero,
290 3098 429 3163 ,Haruspiu
445 3099 519 3163 Rasp.
533 3102 555 3148 l.
607 3101 742 3151 matronae.''
775 3102 812 3149 Ea
833 3100 951 3165 quomodo
975 3115 1004 3147 er
1027 3114 1106 3155 aueo,

56 3168 216 3217 Enauantrm
227 3173 339 3218 cannot.
373 3171 432 3219 Mox
445 3172 556 3221 Heinsius
607 3176 683 3224 latina
701 3174 808 3240 siliginea
826 3183 850 3223 ot
865 3190 909 3222 ovo
923 3172 1055 3231 securint,
1069 3181 1106 3221 at·

56 3243 556 3309 nonbenevolebarprnonaervenit&
607 3265 654 3314 que
671 3249 695 3297 in
715 3250 767 3298 loco
788 3248 858 3297 caldo
877 3248 921 3296 sub
940 3255 1002 3296 testu
1024 3246 1107 3297 leviter

57 3324 83 3364 at
96 3316 130 3365 ibi
138 3319 257 3380 praedare
272 3322 297 3367 in
311 3323 418 3376 medium,
430 3337 491 3369 nunc
505 3338 557 3383 per·
608 3334 685 3380 cocta,
696 3324 765 3372 docet
776 3324 838 3374 Cato
848 3323 878 3371 de
890 3322 971 3386 Agric.
983 3322 1022 3370 75.
1040 3321 1107 3370 Sati-

57 3393 120 3439 volat
130 3391 222 3441 scilicet
229 3393 309 3442 omnia
318 3394 387 3454 loca3
405 3394 493 3443 Claud.
501 3396 558 3444 xxii.
609 3409 646 3447 tur
656 3400 722 3447 locus
733 3407 769 3446 est
780 3397 858 3446 subito
868 3395 1007 3445 calefactus.
1033 3437 1036 3443 .

58 3467 121 3514 408:
150 3467 229 3516 “Jam
252 3469 326 3517 Fama
347 3469 487 3534 loquacibus
509 3471 559 3520 ales
641 3476 697 3523 535.
714 3474 841 3538 Rerigrrore
858 3472 919 3520 bene
938 3471 968 3520 de
986 3480 1051 3526 vata,
1065 3469 1108 3536 qui

57 3540 169 3589 Pervolat
181 3556 296 3592 namnum
312 3542 400 3607 linguis
410 3544 434 3590 :”
451 3544 484 3592 ibi
499 3561 558 3609 qno·
609 3548 685 3613 prodit
697 3547 804 3596 latentia.
836 3545 861 3594 Si
876 3547 928 3594 meir
942 3554 1037 3610 propter
1051 3560 1107 3594 con·

58 3629 105 3679 que
116 3615 191 3664 Fama
198 3617 270 3665 aloto.
293 3617 377 3667 Minus
387 3618 559 3682 graviterNoo·
608 3638 704 3671 sensurn
718 3628 754 3669 tot
765 3619 837 3669 codd.
853 3628 954 3676 tuemur,
969 3618 1108 3686 interpreta-

58 3696 94 3737 ter
104 3689 169 3738 Met.
178 3690 210 3738 ri.
225 3693 278 3740 147.
287 3709 328 3754 per
341 3693 492 3758 oppidufactr'
507 3695 560 3743 Ru·
608 3697 694 3752 bimur,
705 3693 792 3760 quibua
805 3710 849 3758 ego
864 3709 879 3742 a
894 3702 917 3742 te
928 3692 1042 3758 excipior.
1074 3693 1109 3742 Ut

59 3780 107 3812 Μ
118 3767 148 3812 ''l-
609 3787 695 3819 summ
706 3768 821 3825 animum,
833 3767 894 3817 vires
902 3767 1010 3823 dicimur,
1021 3767 1109 3832 quibus

89 3840 148 3888 529.
164 3839 226 3889 Laeti
240 3840 292 3890 cod.
306 3842 430 3891 Cunuortae
438 3860 447 3900 ,·
465 3852 489 3890 et
501 3843 558 3891 Cor·
610 3845 649 3895 vel
666 3860 847 3901 commovemur,
864 3843 1058 3908 velimplcmu13
1074 3841 1108 3891 sic

58 3923 133 3962 uentu
161 3924 186 3963 et
208 3915 337 3965 Carmentis
363 3917 429 3967 dicta
456 3916 559 3966 Evandri
610 3930 676 3970 vater
693 3936 756 3969 nunc
777 3922 845 3968 sumit
864 3922 959 3966 numina
977 3926 1001 3965 et
1019 3919 1109 3972 colun,

59 3995 151 4048 maten
168 3987 222 4037 vide
239 3989 330 4039 Victor.
348 3990 379 4039 de
397 3990 467 4055 Orig.
484 3991 517 4040 R.
533 3994 558 4041 5.
609 3995 717 4044 siverim
733 3994 861 4044 calestem.
894 3994 1009 4047 Sanctior,
1022 4007 1110 4054 augus·

59 4061 98 4112 Dc
111 4063 204 4129 Tegean
215 4064 263 4113 vid.
274 4065 291 4113 i.
301 4065 357 4115 645.
387 4065 459 4113 Liba:
470 4074 559 4114 tcrtua·
610 4070 673 4131 tior;
691 4071 724 4118 ita
739 4069 802 4135 apud
820 4068 934 4125 Plinium,
951 4083 1005 4132 pan.
1020 4066 1069 4114 viii.
1084 4066 1109 4112 3.

59 4145 93 4195 tia
110 4147 291 4213 intelligentam
318 4150 407 4199 Varro:
435 4149 558 4198 “Testua-
611 4146 692 4194 Narra
703 4152 824 4209 “repente
832 4142 859 4190 fit
869 4142 938 4190 solito
949 4139 1023 4204 major
1033 4149 1057 4187 et
1068 4153 1109 4186 au·

60 4219 129 4277 tium,
140 4221 204 4285 quod
217 4221 241 4271 in
252 4223 392 4273 tenucaldo
400 4224 560 4288 coquebatur3
611 4218 725 4282 gratior?
734 4217 801 4282 quasi
813 4217 888 4266 lotura
897 4214 979 4263 divina
989 4211 1092 4263 indutus.
