2806 5018
174 353 239 419 398
567 348 823 418 EXCURSUS

220 524 388 589 Pertiuent
404 545 496 606 porro
510 524 550 587 nd
566 523 624 588 hoc
640 544 742 607 genus
760 521 895 595 Cessent,
910 518 1046 605 eperia,
1061 517 1220 589 Cam,

179 627 363 698 Carmenta,
375 625 530 691 Porrima
544 633 575 687 et
587 626 762 689 Postuerta
773 622 885 705 (Ovid.
901 622 923 684 i.
936 619 1031 695 635.)
1047 619 1090 682 de
1105 617 1220 702 quibus

175 728 216 790 ad
232 726 383 790 Ovidium
398 727 514 809 passim
530 727 687 810 agendum
704 735 763 790 est.
796 724 902 788 Etiam
914 723 1041 788 Martis
1056 719 1219 786 oraculum

175 829 261 911 apud
279 828 472 911 Aborigines
493 827 588 890 habet
604 828 738 910 Dionys.
756 826 776 889 i.
794 827 857 899 14;
879 824 934 887 ubi
951 823 1045 907 picus
1063 821 1218 887 coluan

175 929 292 1011 ligueoe
305 930 446 993 insidens
460 929 593 993 deornm
603 928 800 992 voluntatem
815 926 958 1009 exponit.
988 926 1079 990 June
1093 922 1220 987 macula

175 1031 276 1094 edens
298 1031 368 1113 plus
387 1031 486 1094 semel
505 1030 642 1094 occurrit
657 1053 688 1094 v.
704 1053 733 1093 c.
749 1030 780 1092 in
802 1028 875 1091 luco
891 1019 1069 1110 Esquilino
1086 1026 1151 1090 snli
1168 1046 1219 1089 no-

175 1132 261 1197 mine
282 1133 413 1198 Lucinas
432 1133 537 1215 (Fast.
556 1134 589 1196 ii.
607 1133 698 1207 tte.)
744 1132 799 1196 Ab
818 1131 932 1193 eadem
953 1129 1064 1191 sutura
1087 1146 1218 1211 prescio·

175 1235 273 1299 nendi
284 1234 450 1309 facultate,
461 1245 496 1298 et
510 1234 638 1300 monitis
651 1234 721 1317 ejus
736 1233 768 1297 in
784 1231 968 1315 reipublice
982 1229 1220 1295 calamitatibus

176 1336 280 1400 audiri
300 1336 440 1408 creditis,
457 1345 568 1420 postea
587 1336 732 1400 Mouetae
751 1354 866 1397 nomeu
886 1331 1023 1414 accepit.
1068 1329 1218 1413 Inprimis

176 1435 207 1498 iu
227 1437 356 1500 historia
370 1437 557 1500 Sabinarum
576 1446 738 1519 raptarum
756 1434 875 1499 mentio
892 1433 927 1496 lit
941 1433 1051 1506 Cossi,
1066 1431 1218 1495 doemonis

176 1529 330 1605 ceterum
344 1539 455 1622 ignoti,
468 1541 524 1623 qui
540 1538 855 1616 Romulocousilium
870 1537 911 1600 de
926 1535 1028 1618 raptis
1043 1534 1216 1618 virginibus

177 1638 406 1721 suppeditavit,
425 1648 548 1721 (Κῶσις,
566 1645 684 1713 entatu
706 1638 881 1713 Plutarch.)
900 1638 932 1702 in
951 1637 1046 1720 cnjus
1065 1635 1215 1699 linconen

177 1737 349 1805 Consualia
380 1742 541 1806 celebrata
572 1752 656 1816 suut,
685 1743 806 1826 quique
838 1741 921 1805 haud
959 1740 1059 1804 dubie
1099 1735 1216 1804 consilii

176 1861 295 1924 praeses
320 1843 392 1917 fuit,
414 1854 452 1908 ut
474 1865 588 1910 nomeu
614 1846 717 1929 ipsum
741 1844 865 1927 prodit;
893 1842 978 1907 conf.
1006 1842 1099 1907 Plnt.
1124 1839 1213 1905 Rom.

176 1942 246 2007 xiii.
266 1944 307 2020 3;
335 1945 468 2031 Dionys.
491 1947 524 2010 ii.
544 1946 599 2010 32.
644 1947 681 2011 si
705 1948 856 2030 denique,
877 1946 964 2030 quod
988 1945 1045 2008 vix
1068 1943 1165 2009 aliter
1183 1961 1214 2007 n

116 2062 120 2072 ·
177 2041 294 2110 habere
316 2057 431 2129 potest,
447 2049 596 2114 Mincius
616 2049 656 2112 ad
672 2059 788 2113 terram
807 2048 952 2113 latinam
972 2046 1131 2130 pertinet,
1145 2064 1215 2111 mox

177 2167 249 2210 cum
274 2148 406 2213 Pallade
427 2149 545 2214 Graece
566 2159 769 2224 commutate,
791 2149 859 2213 hacc
884 2148 980 2212 etiam
1005 2149 1047 2212 ad
1073 2168 1127 2221 ec,
1147 2166 1214 2230 que

178 2249 309 2312 consilio
328 2260 363 2312 et
381 2252 536 2334 snpientia
553 2271 611 2313 sua
628 2250 769 2315 homines
787 2271 916 2314 monere
932 2257 966 2312 et
979 2249 1140 2332 adjuvare
1154 2268 1215 2312 cre·

178 2349 337 2414 debentur
354 2353 493 2427 numina,
508 2353 668 2434 pertinere
684 2352 791 2415 debet.
830 2351 1021 2415 Moncrvare
1035 2352 1125 2413 euim
1140 2349 1214 2413 auti·

177 2450 234 2532 qui
250 2450 399 2515 dicebaut
416 2473 473 2534 pro
490 2474 618 2515 monere
637 2453 741 2534 (Fest.
751 2451 1002 2536 promcncrcct)
1018 2461 1052 2514 et
1069 2451 1216 2517 Minerva

178 2549 275 2632 igitur
305 2553 450 2616 eumdem
479 2554 649 2627 notionem,
676 2575 770 2637 quam
796 2576 826 2614 v.
853 2575 882 2617 c.
905 2552 1050 2626 Moneta,
1080 2553 1214 2621 offerret.

179 2649 285 2715 Recto
306 2651 403 2733 igitur
425 2654 456 2715 in
479 2653 558 2717 hanc
581 2656 770 2718 seutentiam
794 2656 927 2718 Festus:
950 2655 1116 2726 Minerva.
1135 2651 1215 2740 quod

178 2752 249 2816 bene
274 2765 416 2826 murteam
438 2757 518 2820 lianc
541 2759 621 2820 enisu
637 2760 759 2844 poponi
778 2780 842 2841 pro
863 2758 1024 2840 sapientia
1040 2757 1214 2840 ponebant.

179 2853 318 2918 Unicum
341 2857 399 2919 hoc
422 2859 503 2920 sorte
527 2861 694 2941 vestigium
717 2860 758 2923 de
782 2880 831 2930 eo,
852 2859 937 2939 quod
962 2857 1113 2920 Minerva
1135 2856 1215 2943 qiud

178 2958 298 3040 priscos
314 2957 413 3022 Italos
432 2960 491 3021 sibi
508 2960 660 3032 voluerit3
683 2959 743 3022 nisi
759 2959 830 3042 quis
852 2959 909 3021 hoc
930 2980 1047 3021 nomen
1069 2959 1214 3023 hunum

178 3060 306 3122 demum
337 3061 377 3123 ad
406 3062 645 3144 exprimendam
672 3061 805 3124 Pallada
831 3060 1019 3125 Graecorum
1047 3061 1214 3124 formatum

179 3181 250 3223 esse
266 3162 364 3224 malit.

223 3261 387 3336 Romanis,
404 3264 454 3325 vel
471 3264 575 3346 potius
593 3263 762 3327 Hetruscis
781 3264 876 3327 etiam
894 3264 1072 3326 domestica
1091 3272 1140 3327 est
1159 3261 1212 3325 La·

178 3364 271 3437 rium,
290 3364 341 3426 vel
362 3366 569 3447 publicorum,
589 3367 639 3428 vel
660 3366 852 3448 privatorum
872 3365 994 3449 religio.
1040 3366 1114 3428 Lar
1134 3363 1212 3448 apud

181 3463 361 3529 Hetruscos
393 3467 412 3528 i.
439 3489 470 3549 q.
494 3467 645 3542 dominus,
670 3471 831 3552 princeps,
859 3477 926 3530 tum
955 3465 1031 3529 viris
1061 3466 1213 3529 nobilibus

179 3562 305 3628 honoris
320 3588 415 3630 causa
430 3570 623 3650 praepouitur
637 3570 716 3647 (Lar
728 3570 926 3637 Herminius,
941 3568 1005 3630 Lar
1018 3568 1212 3634 Tolumnius.

181 3665 244 3729 Lar
267 3668 441 3744 Porsenna,
467 3671 537 3734 Liv.
562 3672 604 3734 iii.
627 3673 689 3745 65;
711 3673 753 3735 iv.
775 3674 835 3744 17;
858 3672 889 3733 ii.
912 3671 979 3745 19.)
1002 3680 1070 3732 tum
1092 3671 1153 3732 diis
1174 3668 1214 3730 in·

179 3768 346 3831 leuioribus
373 3781 407 3833 et
429 3773 610 3836 domesticis
635 3774 792 3846 tribuitur,
814 3781 848 3835 et
872 3793 1000 3855 prorsus
1023 3771 1213 3854 respondere

179 3869 306 3932 videtur
325 3881 360 3944 τῷ
376 3874 434 3947 ἥρως
453 3874 628 3954 priscorum
651 3873 849 3947 Graecorum,
870 3874 955 3955 quod
976 3881 1076 3935 aetate
1097 3871 1214 3935 Home·

65 3990 68 3996 ·
179 3971 254 4044 rica,
272 3979 418 4054 tanquam
438 3974 601 4056 epitheton
620 3975 836 4049 honorificum,
852 3975 925 4036 viris
943 3972 1037 4036 claris
1058 3972 1213 4043 veniebat,

179 4084 291 4157 postea
309 4074 348 4136 de
367 4073 543 4138 hominibus
562 4077 669 4139 divino
688 4077 804 4140 honore
821 4076 921 4139 auctis
936 4075 1123 4139 dicebatur:
1148 4072 1214 4137 vido
