2806 5018
172 359 240 424 ΒΜ
456 351 496 416 Ρ.
517 347 679 415 ovlnn
704 345 919 413 NASONIS

177 527 325 602 Territa
341 549 433 598 voce
451 523 553 618 gravi
570 520 691 616 surgit
706 519 800 594 dea:
828 518 1009 592 convolat
1025 515 1149 588 omnis

231 641 379 714 Turba:
409 663 476 736 per
494 638 650 711 infestas
667 634 800 731 effugit
817 633 879 707 ille
896 655 1050 706 manus.

87 814 99 835 .
183 758 411 854 Lampsacos
429 756 500 828 hoc
519 752 657 827 animal
675 751 786 823 solita
804 761 865 822 est
880 757 1053 821 mactare
1073 745 1220 840 Priapo:

231 874 335 969 Apta
352 869 447 944 asini
465 867 627 942 flammis
643 864 778 939 indicis
796 872 887 937 extu
903 863 1066 936 damus:
1160 860 1220 931 att

185 987 308 1072 Quem
325 999 379 1073 tu,
398 984 485 1058 diva
501 1007 655 1069 memor,
675 981 724 1055 de
742 1003 839 1078 pane
857 976 1066 1051 monilibus
1084 996 1200 1047 ornas.

238 1104 377 1178 Cessat
393 1125 509 1198 opus:
538 1123 665 1174 vacuae
683 1097 898 1170 conticuere
916 1092 1042 1166 molae.

188 1219 366 1302 Nomine,
385 1241 499 1314 quam
517 1216 638 1313 pretio
656 1211 889 1295 celebratior,
908 1230 997 1281 arce
1016 1203 1203 1287 Tonantis,

240 1335 387 1419 Dicam,
409 1332 568 1406 Pistoris
587 1331 677 1429 quid
695 1328 787 1402 velit
803 1350 868 1400 ara
883 1324 1005 1399 Jovis.
1164 1324 1222 1393 350

190 1449 327 1523 Cincta
345 1449 611 1546 premebantur
629 1444 799 1517 trucibus
818 1439 1012 1537 Capitolia
1029 1437 1172 1511 Gallis:

241 1564 401 1636 Fecerat
417 1561 563 1635 obsidio
577 1562 656 1657 jam
674 1558 852 1631 diuturna
867 1552 1022 1626 samem.

191 1678 352 1775 Jupiter,
372 1676 420 1751 ad
439 1677 572 1751 solium
593 1673 747 1771 Superis
766 1670 891 1766 regale
907 1667 1068 1751 vocatis,

245 1792 389 1890 Incipe,
408 1792 462 1865 ait
480 1790 616 1876 Marti3
646 1787 815 1885 protinus
832 1783 896 1857 ille
913 1780 1052 1856 refert:

196 1908 353 1982 Scilicet
366 1907 535 2003 ignotum
552 1916 623 1991 est,
639 1927 725 2001 quae
742 1902 793 1974 sit
806 1898 957 1972 fortuna
973 1892 1223 1981 meorumue

247 2022 299 2097 Et
314 2023 420 2097 dolor
436 2022 497 2095 hic
515 2019 629 2094 animi
646 2041 738 2091 voce
756 2013 951 2113 querentis
967 2024 1073 2111 eget.

232 2333 290 2381 ult.
308 2332 374 2380 Edit.
386 2332 501 2397 Neapolis
515 2331 598 2397 effugit
610 2333 660 2387 illo,
670 2340 697 2379 ut
746 2332 807 2380 asini
817 2330 883 2397 virgo
892 2329 965 2380 Μ’
1002 2328 1083 2377 Ceut
1096 2340 1152 2389 opst
1163 2333 1228 2384 W

201 2406 275 2454 Vesta
286 2404 379 2452 dicatur
388 2403 467 2468 Priapi
479 2419 563 2451 manus
572 2403 696 2467 effugisse:
747 2404 786 2454 die
798 2404 941 2453 Vestalium.

200 2477 264 2541 quod
275 2477 353 2540 placet
362 2476 547 2531 'l'aubnero,sed
563 2492 609 2523 non
623 2475 695 2523 mihi:
780 2479 918 2527 349-394.
935 2467 1231 2540 Digressiosdmlae't
1268 2536 1270 2541 Ι

201 2551 273 2597 immo
288 2547 438 2610 illsl‘riapus
453 2548 536 2611 effugit
551 2563 592 2611 per
606 2563 697 2604 manus,
750 2554 853 2608 Pistoris,
872 2566 926 2616 quar
948 2562 997 2597 non
1018 2546 1127 2613 pertinet
1145 2542 1175 2593 ad
1189 2554 1233 2593 rut,

201 2637 262 2685 qum
275 2621 309 2669 dii
324 2621 476 2668 convolantes
490 2622 512 2668 ei
527 2620 623 2684 injicere
635 2620 698 2670 vole·
749 2640 893 2690 quamquam
903 2624 928 2672 in
939 2623 985 2671 hac
995 2620 1083 2670 fabula
1091 2619 1166 2669 etiam
1172 2615 1233 2665 vm

202 2698 268 2743 bant.
295 2695 493 2755 Lsrupsucos.etc.
524 2694 562 2742 Sic
574 2694 699 2753 eritas,
749 2695 1035 2763 partesquodamluere.
1068 2685 1235 2742 rorarent

203 2778 228 2817 et
244 2767 390 2823 Lactantius,
404 2767 467 2815 dieto
486 2767 554 2815 loco:
574 2775 589 2794 “
599 2768 652 2816 Hac
669 2768 699 2816 de
749 2789 803 2837 sqq.
814 2773 865 2821 hac
876 2768 994 2819 inserendi
1009 2776 1090 2832 poetis
1107 2763 1236 2815 mitono

204 2856 277 2888 causa
296 2843 470 2903 Lampsacenos
486 2841 585 2888 asellum
605 2840 700 2906 Priapo,
750 2846 846 2894 dedere.
876 2845 1000 2893 Summam
1023 2841 1058 2889 rei
1077 2840 1153 2889 habet
1167 2834 1238 2886 lirin&

205 2914 273 2978 quasi
296 2915 320 2960 in
339 2914 452 2962 ultionem
476 2924 579 2962 inactare
602 2930 699 2963 consue
751 2939 774 2969 v.
788 2923 832 2968 48:
850 2926 866 2947 ⁴⁴
876 2921 958 2977 Quum
968 2914 1105 2964 identidem
1117 2908 1237 2975 (ἱιΙΙίΟἰῢΡ

204 2989 279 3037 visse:
298 2988 361 3053 apud
380 2989 501 3036 Romnum
518 3004 573 3037 vero
591 2988 701 3037 eumdem
751 2994 827 3042 manis
847 2994 871 3041 in
891 2989 1013 3056 Capitolio
1034 2988 1150 3051 inclusis)
1170 2986 1237 3034 nm

206 3061 343 3110 Vestalibus
361 3062 441 3116 sacris
461 3063 484 3109 in
502 3063 613 3110 honorem
632 3062 701 3126 pudi-
752 3067 890 3131 objicerent,
902 3079 978 3127 esque
990 3053 1238 3111 necessitateaddell·

206 3134 390 3199 citiae,panibus
404 3135 534 3183 coronari.”
568 3135 704 3199 lndapatet
754 3143 840 3190 tionem
863 3145 982 3193 vocarent,
1004 3137 1098 3185 dieitur
1124 3128 1237 3183 amul!

207 3209 367 3262 Lactantium.
380 3209 422 3271 qui
436 3208 522 3256 diserte
536 3217 624 3263 monet,
635 3222 659 3255 se
674 3223 704 3253 ex
755 3216 806 3279 ejus
817 3211 932 3278 opinionis
942 3226 1017 3260 causa
1027 3207 1113 3258 multis
1122 3207 1179 3256 lotis
1186 3199 1239 3270 paul

208 3281 288 3331 Ovidii
305 3281 381 3329 Fastis
395 3281 457 3328 lianc
472 3280 575 3328 labulam
592 3292 704 3343 repetere,
755 3289 784 3335 de
796 3285 914 3350 capitolio
922 3285 1032 3347 jactatus
1046 3298 1101 3330 esse
1116 3281 1143 3329 in
1155 3276 1238 3327 tadu

208 3355 252 3401 hoc
264 3369 357 3416 quoque
371 3353 488 3401 distichon
502 3354 612 3402 habuisse
623 3353 647 3400 in
662 3368 705 3400 suo
755 3359 891 3407 stationes?
909 3357 937 3404 ld
949 3355 1079 3404 consilium
1091 3353 1125 3402 ad
1134 3354 1238 3402 dense

209 3426 263 3474 coil.
276 3426 339 3489 quod
357 3427 470 3475 Heinsius
487 3430 516 3475 ab
533 3427 627 3475 homine
644 3427 705 3474 male
756 3441 817 3480 tores
827 3440 908 3495 postea
918 3429 1020 3477 relatum
1034 3437 1059 3476 et
1070 3428 1103 3476 ab
1114 3425 1196 3476 Ovidis
1206 3434 1237 3467 a·

209 3501 291 3547 feriato
312 3509 396 3562 preter
416 3517 464 3548 rem
485 3501 630 3549 inculcatum
655 3515 706 3547 esse
757 3513 863 3552 ornatum
881 3513 926 3551 est.
959 3503 1009 3549 Ars
1028 3501 1149 3555 Tonantis,
1158 3495 1237 3560 &pin

210 3574 324 3636 putabat3
342 3573 384 3620 sed
396 3589 438 3622 nec
455 3584 532 3638 potest
543 3576 625 3622 abesse
638 3589 706 3637 prop·
757 3576 825 3623 lium.
868 3576 995 3630 Trriciliur
1020 3574 1097 3622 etiam
1119 3571 1199 3622 urio.
1213 3563 1237 3610 'l-

212 3654 246 3692 ter
255 3661 314 3708 sqq;
327 3661 381 3694 noni
389 3664 452 3708 qoem
460 3648 557 3695 refertur
567 3647 598 3694 sd
605 3646 707 3694 asinum.
757 3652 803 3698 28:
823 3657 838 3678 “
848 3649 938 3714 species
949 3647 1077 3697 Gallorum
1088 3643 1186 3696 truoes”

212 3719 361 3768 Burmannus
378 3720 428 3768 liaec
449 3721 483 3767 sic
500 3720 581 3783 refingi
599 3720 705 3767 volebat:
791 3725 846 3772 354.
864 3722 1052 3784 Incipereetiam
1064 3736 1113 3769 ver.
1124 3713 1234 3768 &labie

205 3791 346 3853 {empturos
356 3794 411 3841 litae
422 3796 509 3840 aiiimul
519 3795 585 3840 solito
596 3794 635 3839 lios
648 3809 708 3839 muc-
759 3797 807 3844 lute
827 3795 941 3859 positum:
960 3795 984 3842 li,
995 3794 1013 3843 l.
1025 3792 1151 3860 supplend.
1160 3786 1233 3837 retent·

214 3877 262 3914 lore
276 3867 375 3927 Priapo:
395 3867 632 3928 lliucrisinistummis
647 3868 708 3912 indi·
760 3870 850 3917 Scilicet
871 3884 966 3932 gravam
992 3868 1173 3933 indignationem
1193 3868 1232 3906 tufi

213 3943 415 3996 coenaremus,
433 3940 489 4002 quia
499 3941 551 3986 lir'nc
565 3943 624 3986 asini
638 3948 674 3986 cst
685 3939 709 3987 iu
759 3942 864 3991 irrisione
881 3941 984 4006 quadam
1002 3940 1122 4006 exprimit,
1140 3940 1231 3999 „5qu

214 4012 295 4060 multis
314 4012 370 4060 edd.
404 4013 508 4069 Meiros,
534 4012 601 4060 aliter
618 4013 710 4076 judicat
760 4017 865 4080 ignotum
882 4032 933 4064 esse
953 4015 986 4072 id,
1003 4016 1134 4080 quodiam
1151 4005 1229 4058 ΜΨ·

216 4087 368 4136 hennom:
382 4094 397 4113 ‘⁸
408 4087 472 4144 Quid
484 4087 590 4152 turpius!
600 4087 657 4151 quid
667 4089 709 4136 lla-
760 4090 842 4139 ducere
852 4091 883 4139 de
894 4088 970 4138 victis.

214 4162 329 4227 gitiosius,
351 4179 423 4227 quam
449 4163 470 4211 si
496 4164 571 4225 Vesta
596 4162 710 4212 beneficio
