2806 5018
323 352 389 419 Β
615 350 655 414 Ρ.
680 347 840 414 OVIDII
864 346 1078 414 NASONIS

316 524 470 620 Quique
487 523 536 595 ab
555 543 655 618 equo
673 545 844 620 praeceps
859 521 897 594 in
913 520 1025 596 Aleia
1040 520 1192 595 decidit
1209 545 1308 607 arva,

317 651 320 659 ’
365 637 492 711 Exitio
510 637 625 710 facies
643 639 704 710 cui
722 662 792 712 sua
808 662 917 736 paene
933 637 1015 711 fuit.
1301 639 1363 709 260

314 752 374 842 Id,
390 754 491 851 quod
507 752 788 852 Amyntorides,
799 754 940 840 videas,
953 753 1232 851 trepidumque
1248 753 1362 827 minis·

363 868 572 942 Praetentes
591 869 740 953 baculo,
759 869 911 942 luminis
928 870 1056 955 orbuS,
1068 868 1168 942 iter:
1298 870 1361 964 [tro

313 981 350 1056 N
353 1005 396 1056 ec
415 983 499 1081 plus
517 983 717 1080 adspiciam,
737 1007 851 1080 quam
868 1008 983 1081 quern
1001 1007 1071 1057 sua
1083 984 1166 1057 filia
1183 984 1295 1070 rexit,

363 1096 553 1195 Expertus
572 1098 696 1171 scelus
714 1110 774 1170 est
791 1101 899 1195 cujus
917 1110 1078 1196 uterque
1096 1121 1265 1197 parens:

311 1211 445 1296 Qualis
462 1223 555 1298 erat,
566 1223 767 1310 postquam
780 1224 840 1287 est
851 1214 973 1309 judex
989 1214 1039 1288 de
1058 1214 1127 1288 lite
1141 1215 1281 1311 jocosa
1294 1216 1356 1285 265

362 1327 532 1413 Sumtus,
551 1325 754 1425 Apollinea
772 1329 897 1402 clarus
914 1330 953 1402 in
971 1338 1051 1403 arte
1070 1352 1219 1404 senex:

312 1441 445 1527 Qualis
460 1452 501 1516 et
518 1442 581 1516 ille
599 1442 681 1525 fuit,
701 1466 777 1539 quo
794 1445 1039 1542 praecipiente
1057 1445 1244 1520 columba

363 1554 435 1630 Est
451 1557 541 1630 data
557 1556 736 1630 Palladiae
754 1558 892 1655 praevia
908 1559 1066 1655 duxque
1084 1559 1182 1635 rati:

312 1813 423 1865 emirum
444 1828 460 1864 a
481 1827 548 1882 patre
568 1814 599 1865 oh
628 1824 734 1880 stuprum
758 1830 812 1866 cum
894 1817 951 1867 265.
968 1816 1071 1880 Qualia]
1087 1816 1205 1873 limite.
1221 1825 1312 1867 tumtur
1323 1818 1356 1882 jn

312 1891 425 1948 Hercule,
435 1892 570 1957 pervenirre
588 1891 613 1940 in
625 1891 737 1954 Mysiam,
748 1907 777 1940 eo
786 1907 812 1940 re
861 1892 908 1941 dex
923 1907 939 1940 n
952 1893 969 1942 J
971 1906 1048 1940 unone
1059 1900 1085 1940 et
1099 1892 1175 1949 Jove.
1185 1892 1263 1941 vitice
1277 1907 1306 1941 an
1314 1907 1356 1940 me

311 1964 428 2014 contulit:
455 1965 496 2014 ubi
514 1981 529 2014 a
547 1964 693 2014 Teuthranie
713 1979 768 2029 rege
788 1975 812 2013 et
861 1964 926 2014 lieris
945 1964 1020 2013 libido
1040 1965 1117 2030 major
1135 1972 1209 2022 emet.
1227 1965 1356 2015 aarum

312 2038 383 2103 Auge
404 2038 476 2088 ducta
503 2048 541 2087 ert
564 2055 630 2095 uxor,
650 2047 675 2087 et
693 2038 812 2103 Telephus
861 2037 917 2087 tulit
934 2037 959 2086 in
979 2038 1111 2094 lunonem,
1131 2052 1147 2087 ι
1165 2053 1218 2104 qua
1239 2037 1314 2089 oculi
1327 2045 1357 2086 nt

311 2110 390 2160 sactus
400 2111 470 2169 fitius,
483 2128 604 2161 succensor
614 2111 690 2175 regni,
702 2111 811 2160 vulnera-
861 2110 979 2175 privetur:
997 2109 1039 2159 red
1060 2109 1161 2175 Jupiter
1175 2112 1313 2161 consolatur
1326 2119 1357 2158 ert

310 2192 350 2234 tur
360 2194 396 2234 ert
406 2186 437 2233 uh
448 2185 552 2234 Achille.
569 2186 640 2234 Dori.
860 2183 912 2248 ejus
924 2183 1084 2233 calamitatem
1101 2181 1213 2244 honore;
1229 2200 1287 2234 nam
1299 2182 1356 2232 dedit

341 2259 401 2307 ⁴258.
419 2261 552 2322 Armatique
572 2260 628 2306 tulit
643 2259 735 2313 militur,
748 2261 810 2306 iner-
859 2256 982 2306 divinandi
1004 2265 1092 2306 mern:
1112 2257 1154 2308 hic
1174 2257 1355 2324 [1111111ιῖ51-

311 2336 355 2380 mir
365 2333 447 2396 opem]
461 2333 495 2382 Ut
509 2333 647 2380 situentur:
665 2332 811 2389 Quirulnus
859 2331 943 2380 harum
957 2331 1086 2380 interitum.
1114 2331 1354 2399 Dcphoessjrrrfflt.

312 2406 343 2454 ab
362 2414 462 2461 armato,
476 2405 501 2453 id
517 2413 562 2462 est,
576 2404 643 2454 horte
660 2404 755 2453 Achille
769 2419 810 2454 ne·
860 2420 913 2470 quar
930 2413 1012 2470 porte·
1027 2403 1094 2453 tren
1111 2414 1150 2454 ert
1165 2406 1272 2472 Sibylla.
1283 2404 1355 2456 nun

311 2477 383 2542 cepit,
394 2478 458 2542 quod
473 2485 555 2542 postea
571 2476 677 2542 ejusdem
694 2476 759 2526 iliius
774 2493 811 2526 re-
859 2477 932 2527 ntadi
949 2486 999 2528 urta
1014 2477 1108 2534 edoctu.
1124 2480 1207 2528 multa
1221 2480 1313 2546 κείμὴ
1324 2494 1354 2527 rc

308 2550 431 2600 conciliati
441 2550 531 2598 auxilio
542 2559 567 2598 et
581 2565 626 2615 opo
638 2560 746 2599 curatum
757 2550 810 2600 fuit.
858 2565 963 2615 rpomu3
978 2549 1043 2600 unde
1058 2550 1160 2601 Homer.
1168 2569 1259 2619 poema
1268 2552 1355 2603 uniit·

342 2625 398 2672 259.
415 2623 505 2685 Arrun]
524 2623 615 2673 Gracia
630 2622 721 2683 Ἀλήῖα
737 2622 809 2674 πεδία
860 2623 931 2672 Dori.
965 2623 1047 2677 Quulie
1056 2624 1352 2687 trutpertpun,ete.'l'm·

310 2705 375 2751 sunt,
395 2707 419 2744 et
437 2694 522 2744 πεδίον
537 2696 649 2756 Ἀλήϊον.
672 2697 756 2753 Plinio,
767 2697 809 2747 lib.
859 2695 922 2745 ditur
939 2704 962 2744 et
980 2695 1028 2744 alia
1044 2711 1181 2751 causamur
1192 2698 1247 2748 viru
1261 2699 1352 2765 privatus

310 2787 333 2818 v.
352 2785 406 2835 cap.
423 2771 464 2818 27.
484 2774 557 2832 compi
579 2772 639 2818 Ateii
646 2789 655 2827 ,·
684 2771 808 2828 Homerus,
859 2770 929 2819 luerit
947 2769 1064 2818 Tiresias:
1082 2770 1202 2821 videlieet
1224 2773 1287 2837 quod
1305 2770 1349 2819 l'rl·

309 2842 383 2890 iliad.
402 2849 428 2892 z.
443 2844 474 2891 de
492 2844 689 2908 Bellerophonte:
704 2843 776 2893 Ἤτοι
794 2845 807 2893 ὁ
858 2843 937 2892 ladem
958 2844 1076 2891 iurantem
1096 2844 1191 2893 nudam
1211 2845 1350 2911 adoperiret-

309 2916 450 2966 καππεδίον
473 2919 501 2966 τὸ
522 2916 626 2976 ’Λλὴἴον
652 2918 703 2975 οἶος
729 2918 807 2967 ἀλᾶτο
858 2916 954 2965 Mrcrn.

300 2989 353 3040 ’ον
363 2992 441 3056 θυμὸν
450 2989 566 3045 κατέδων,
575 2990 658 3039 πάτον
666 2990 807 3055 ἀνθρώπων
889 2992 946 3038 267.
959 2991 1040 3043 Qualis
1048 3001 1070 3039 et
1081 2991 1151 3054 ipre]
1166 2992 1283 3048 Phineus.
1290 2995 1347 3041 Am·

308 3064 436 3115 ἀλεείνων.
470 3067 531 3122 Quat
553 3064 638 3113 Cicero
665 3066 698 3113 sic
722 3066 805 3114 vertit:
857 3066 967 3112 atem.-
990 3069 1030 3127 qut
1048 3067 1123 3112 ductu
1143 3066 1268 3129 Cleopatr·
1285 3081 1347 3114 um.

308 3139 385 3196 “Qui
403 3139 474 3186 mirer
489 3138 514 3185 in
530 3138 621 3202 campis
632 3154 733 3186 moerena
743 3155 805 3187 erra·
859 3138 972 3201 Orythurn
988 3147 1010 3186 et
1031 3138 1141 3186 Crumhiu
1157 3156 1186 3187 cr
1206 3158 1233 3189 eu
1241 3143 1301 3204 filiu
1315 3140 1346 3184 tr·

307 3211 350 3258 bat
364 3211 440 3265 Aleis.
455 3211 509 3274 Ipse
527 3226 595 3258 nuum
611 3226 650 3258 cor
665 3210 747 3266 edens.
765 3211 806 3259 ho-
856 3212 919 3259 lmit:
930 3214 1095 3274 noperinductu
1106 3230 1215 3270 nouem,
1225 3217 1346 3275 mrim

311 3283 402 3331 minum
415 3284 514 3347 vestigia
524 3284 631 3332 vitans.”
856 3287 905 3333 dem
920 3288 999 3333 liberor
1015 3291 1151 3335 rrcaecum't:
1170 3293 1236 3336 unde
1249 3300 1269 3338 et
1286 3290 1344 3349 ipit

340 3357 399 3404 261.
417 3356 456 3411 Id,
470 3360 528 3418 quod
543 3359 710 3419 Amyntorides,
722 3361 805 3412 uideor,
859 3359 912 3405 Diis
927 3362 993 3406 iratis
1005 3361 1067 3406 eruti
1082 3363 1155 3415 oculi.
1167 3372 1194 3410 et
1205 3362 1344 3427 dapihurmu

234 3454 248 3471 r
308 3431 464 3491 trepidumque
485 3431 596 3485 ministro,
617 3430 677 3491 etc]
705 3431 807 3480 Phoenix
857 3440 948 3495 poterat
962 3431 1035 3487 vesci,
1046 3448 1122 3495 quum
1135 3433 1244 3499 Harpyn
1260 3434 1343 3483 adnm:

308 3501 371 3549 filiun
391 3502 526 3565 Amyntoris
547 3502 601 3558 tuit,
622 3502 663 3550 filii
681 3503 806 3570 Cercaphi‚
858 3504 944 3553 mensis
961 3520 1002 3553 eac
1019 3505 1148 3555 ioedarent.
1183 3510 1256 3558 Zetus
1270 3517 1292 3557 et
1307 3507 1344 3554 Ca·

308 3590 378 3637 quem
393 3576 520 3624 Ormenius
537 3577 627 3638 genuit.
661 3577 716 3629 Hic,
732 3594 804 3641 quum
856 3576 909 3633 lain,
920 3580 1002 3626 Botere
1014 3577 1066 3634 6111,
1078 3579 1182 3629 insecuti
1192 3590 1251 3631 tunt
1262 3577 1343 3631 averad

308 3645 405 3694 haberet
426 3664 474 3695 rem
495 3664 549 3696 curn
572 3649 657 3713 pellice
679 3651 762 3714 patris,
779 3662 805 3698 ut
856 3650 936 3699 Ptons
964 3667 1039 3715 usque
1066 3653 1168 3711 insutas,
1197 3672 1252 3721 qun
1276 3663 1344 3720 ΜΝ

308 3727 389 3766 auctor
410 3727 446 3766 ert
465 3720 537 3768 Hom.
556 3722 674 3770 delatione
696 3738 803 3771 novercae
855 3723 925 3772 dictu
942 3734 997 3772 sunt
1009 3726 1161 3787 Strophades:
1181 3745 1282 3793 eumque
1292 3735 1344 3774 unu

308 3800 433 3837 recuratur
456 3792 557 3855 aufugit,
576 3794 687 3858 venitque
709 3796 738 3843 ad
761 3797 805 3844 Pe·
855 3798 972 3862 supplicio
990 3799 1130 3850 liberarunt.
1172 3805 1230 3860 Quo
1247 3799 1343 3849 bondo

307 3861 605 3929 leum‚Achillispatrem.
855 3870 988 3925 devinctus.
1017 3873 1084 3919 canit
1111 3876 1177 3939 apud
1207 3872 1341 3939 Apollonium

339 3936 396 3985 26³.
404 3937 585 4000 Necpirrr‚etc.]
596 3939 705 4002 OEdipus‚
715 3941 805 3990 incesta
856 3944 984 3998 Rhodium,
995 3961 1093 3994 monens
1108 3948 1270 4011 Argonautas.
1280 3947 1341 3995 utia-

307 4018 391 4065 matre,
407 4021 431 4058 et
442 4012 515 4075 patris
529 4026 585 4058 nece
598 4013 700 4067 infamis,
713 4014 743 4060 oh
753 4030 804 4062 sce·
856 4027 890 4066 ter
897 4018 1007 4081 Cyaneas
1017 4028 1097 4082 petrau
1107 4021 1244 4071 columbam
1254 4035 1341 4084 sequen·

307 4083 362 4131 lerir
377 4083 543 4131 conscientiam
562 4094 666 4132 caecatus
684 4097 727 4140 est,
739 4104 804 4151 rege·
855 4101 900 4146 tur,
911 4106 981 4154 quam
991 4091 1032 4139 Dii
1043 4093 1178 4142 mitterent.

306 4158 422 4219 baturque
433 4171 510 4204 caecus
519 4157 548 4204 uh
561 4157 654 4206 limena
666 4159 722 4207 filia.
886 4165 942 4211 268.
956 4165 1093 4229 Pultudiae]
1114 4167 1182 4231 Argo
1198 4169 1263 4217 naria
1275 4167 1340 4215 erra
