2806 5018
183 371 248 438 338
320 362 326 371 ’
464 370 503 435 Ρ.
528 367 681 436 OVIDII
705 368 914 434 NASONIS

186 546 270 619 Lux
283 545 428 631 eadem,
444 544 619 631 Fortuna,
633 554 778 631 tuaest,
791 553 1011 637 auctorque,
1024 542 1229 638 locusque;

236 661 314 734 Sed
332 659 594 759 superinjectis
611 658 697 756 quis
716 660 808 732 latet
825 658 904 730 aede
923 657 1053 753 togis?
1165 661 1230 729 570

186 777 337 851 Servius
355 787 434 850 est:
464 777 535 848 hoc
554 785 702 848 constat
718 774 839 863 enim;
869 772 936 846 sed
955 797 1077 846 causa
1095 771 1228 846 latendi

235 882 457 990 Disc‘repat3
479 902 517 965 et
530 891 685 963 dubium
700 914 760 962 me
775 913 925 986 quoque
943 889 1087 962 mentis
1106 889 1224 961 habet.

184 1007 286 1082 Dum
305 1007 377 1081 dea
393 1006 547 1081 furtivos
566 1006 696 1079 timide
714 1006 907 1104 profitetur
924 1029 1089 1090 amores,

235 1123 517 1220 Coelestemque
534 1121 675 1195 homini
694 1121 943 1195 concubuisse
959 1121 1086 1218 pudet
1101 1148 1111 1205 ;

185 1237 289 1313 Arsit
307 1239 406 1314 enim
424 1262 561 1334 magna
578 1248 749 1335 correpta
764 1236 940 1336 cupidine
958 1236 1074 1330 regis,
1159 1237 1220 1307 575

234 1355 424 1452 Caecaque
442 1355 480 1427 in
498 1355 568 1428 hoc
588 1378 662 1426 uno
680 1378 753 1427 non
770 1353 841 1425 fuit
857 1351 921 1424 illa
937 1352 1039 1425 viro:

184 1469 307 1543 Nocte
325 1470 477 1559 domurn
494 1494 610 1567 parva
626 1468 736 1542 solita
753 1478 812 1541 est
832 1467 969 1539 intrare
988 1465 1176 1553 fenestra;

235 1584 349 1658 Unde
368 1584 591 1659 Fenestellae
609 1584 760 1657 nomina
777 1593 884 1680 porta
900 1593 1019 1655 tenet.

187 1699 299 1773 Nunc
320 1700 449 1799 pudet,
469 1712 508 1775 et
525 1701 648 1774 vultus
665 1701 849 1775 velamine
866 1700 965 1774 celat
981 1710 1152 1785 amatos;

236 1816 390 1914 Oraque
408 1828 495 1891 sunt
512 1818 630 1891 multa
647 1817 749 1915 regin
765 1827 867 1891 tecta
883 1826 983 1911 toga.
1158 1816 1219 1886 580

184 1932 244 2005 An
263 1933 382 2029 magis
400 1943 459 2006 est
474 1957 614 2020 verum,
630 1943 714 2030 post
731 1932 828 2005 Tulll
842 1931 972 2004 funera
989 1931 1144 2029 plebem

234 2048 441 2122 Confusam
459 2049 596 2147 placidi
615 2060 731 2122 morte
749 2048 864 2122 luisse
881 2047 1014 2120 ducis?

217 2346 356 2396 oue—636.
374 2348 457 2396 Eodem
475 2351 512 2397 dle
532 2350 624 2397 Servius
643 2365 682 2396 m
730 2352 791 2413 ginis
801 2348 873 2411 (sorte
887 2345 981 2407 Virites)
997 2346 1110 2394 Fortuna
1119 2346 1221 2392 etatu-

184 2418 292 2468 Fortuna
313 2423 420 2483 templum
443 2425 564 2476 dedicauit,
586 2422 609 2470 iu
634 2438 681 2486 quo
730 2423 1149 2486 butundolotistogitaesaeopertnm.
1179 2415 1221 2464 Pli-

183 2491 245 2555 regit
265 2502 344 2542 statua
366 2494 427 2558 togis
444 2504 508 2543 tecta
534 2497 682 2545 cernebatur.
730 2496 792 2552 nius,
808 2496 872 2544 Hist.
890 2497 975 2544 Natur.
986 2494 1098 2543 vitiat:
1117 2493 1220 2540 “lacum

183 2565 271 2613 Eorum
292 2575 482 2630 tegumentorum
502 2585 586 2618 causas
606 2569 682 2618 adfert
730 2570 760 2618 ab
774 2584 803 2618 ea
814 2569 967 2632 (Tanaqutle)
983 2577 1064 2631 togam
1079 2568 1168 2632 regiam
1184 2579 1220 2611 uu·

183 2644 239 2693 tres,
250 2646 321 2703 atque
334 2640 368 2687 ita
378 2640 495 2689 immiscet
505 2651 595 2707 partem
605 2659 681 2692 rerum
730 2642 838 2690 dulatam
848 2642 872 2690 in
883 2642 935 2690 aede
945 2643 964 2690 F
965 2651 1067 2698 urtone,
1079 2657 1129 2707 qua
1138 2638 1223 2688 Servius

183 2710 216 2759 ad
226 2712 332 2760 Servium
343 2715 518 2779 pertinentium.
536 2717 589 2764 Lux
597 2721 680 2773 eodem,
730 2715 823 2763 Tullius
833 2715 908 2764 luerat
921 2716 1002 2763 usus.”

183 2795 313 2849 auctorque,
326 2790 437 2851 locusque,
448 2788 511 2837 idem
526 2790 628 2846 Servius,
640 2793 680 2855 qui
763 2789 821 2837 572.
840 2790 968 2851 Discreput,
979 2805 1028 2837 non
1046 2804 1096 2836 uuo
1110 2784 1224 2837 modoad·

183 2860 286 2909 Matutae
295 2861 408 2927 templum
417 2863 629 2927 dedit(vcr.480.)
638 2866 680 2913 tibi
731 2864 811 2911 fertur.
846 2864 935 2912 Dubius
945 2862 1223 2919 meratinutliviuubl.

184 2948 279 2997 quoque
298 2935 380 2983 eodem
400 2935 461 2991 loco,
479 2935 502 2983 in
522 2937 570 2984 loro
589 2938 679 2994 boario,
730 2940 921 2986 incertusonr'mt.
946 2938 1011 2996 Quia
1020 2939 1119 2986 Servius
1130 2939 1223 2985 Fortuna

183 3007 313 3072 eodemque
325 3008 372 3065 die,
384 3009 458 3057 aedem
468 3008 596 3059 dedicavit.
629 3013 681 3060 Sar·
731 3027 822 3076 semper
833 3029 888 3060 usus
903 3021 954 3060 erat
969 3013 1087 3068 secunda,
1099 3013 1154 3060 inde
1164 3011 1223 3058 fluxit

183 3079 247 3128 vium
265 3082 373 3129 Fortunae
391 3081 489 3130 diversis
507 3084 550 3130 sub
569 3084 680 3132 nominib.
731 3085 818 3134 fabella
832 3087 891 3143 baec,
907 3103 978 3151 quam
999 3088 1073 3136 etiam
1089 3086 1222 3135 Plutarchus

183 3153 273 3219 templa
284 3154 440 3220 dedisse,jam
454 3155 483 3204 ad
494 3156 526 3205 iv.
537 3159 679 3206 llb.ePlu-
730 3157 760 3207 de
780 3161 845 3207 Fort.
868 3161 970 3208 Roman.
989 3171 1047 3211 tom.
1067 3161 1109 3209 vii.
1131 3179 1154 3226 p.
1172 3161 1220 3208 279.

183 3228 273 3284 lorche,
294 3230 387 3285 Quaest.
406 3230 508 3278 Roman.
525 3248 548 3295 p.
571 3233 624 3281 135.
642 3232 679 3279 ed.
730 3232 812 3280 Reislr.
839 3235 923 3282 refert:
945 3234 1020 3285 Ὥστε
1049 3239 1093 3284 καὶ
1119 3239 1219 3284 συνεῖναι

182 3301 266 3349 Reisk.
278 3303 410 3353 docuimus.
444 3306 498 3353 Huc
513 3306 619 3370 inprimis
629 3322 680 3371 per·
731 3305 811 3356 δοκεῖν
824 3309 893 3371 αὐτῷ
907 3311 956 3369 rtlr·
967 3310 1051 3373 τύχην
1061 3308 1102 3359 διά
1113 3309 1220 3367 raucedo

183 3375 242 3424 tinet
255 3376 571 3441 Dionys.Halicarn.iv.27.
581 3380 621 3428 ubi
633 3390 680 3428 tra·
729 3379 796 3444 ρίδος
815 3381 1023 3443 καταβαίνουσαν
1042 3384 1078 3442 εἰς
1099 3386 1126 3433 τὸ
1149 3380 1219 3446 tuot·

182 3449 226 3506 dit,
246 3452 352 3500 Servium
374 3453 478 3501 Tullium
499 3455 615 3509 Fortunae,
633 3470 681 3518 qua
731 3456 817 3508 τιον,ὃ
835 3457 882 3503 νῦν
899 3456 1073 3506 Φενεστέλλαν
1088 3458 1216 3516 attavu-

182 3538 275 3572 omnem
287 3541 328 3590 per
338 3527 408 3574 vitam
420 3528 525 3575 secunda
537 3544 592 3576 usus
603 3528 680 3584 luerit,
730 3529 825 3576 λοῦσιν.
860 3530 929 3577 Conl.
950 3531 1024 3588 idem,
1044 3534 1138 3589 Quest.
1156 3529 1217 3577 Rom·

183 3596 272 3660 templa
283 3598 330 3647 duo
340 3600 477 3657 aedificasse,
489 3602 588 3650 alterum
604 3601 679 3649 scilic.
729 3618 785 3666 pag.
801 3604 856 3650 106.

184 3668 208 3715 in
226 3669 305 3718 boario
323 3671 378 3729 loro,
391 3673 490 3721 alterum
507 3675 537 3722 ad
554 3676 628 3739 ripam
641 3675 680 3722 Ti·
763 3678 917 3726 sultuna
935 3695 1023 3727 causa:
1042 3679 1117 3727 etiam
1136 3679 1214 3739 Diony·

182 3740 253 3797 beris,
264 3744 418 3810 eamdemque
433 3747 501 3795 deam
514 3749 612 3797 Virilem
626 3765 680 3796 eum
729 3749 785 3805 sius,
797 3750 829 3797 iv.
840 3753 881 3798 40.
896 3762 984 3809 narrat,
1003 3754 1125 3817 ingentem
1140 3750 1214 3800 tumul-

182 3815 321 3879 appellttsse.
354 3818 431 3874 Idem,
449 3837 489 3884 cp.
505 3824 546 3869 40.
565 3822 638 3878 addit,
655 3823 680 3870 in
731 3832 780 3872 tum
803 3835 827 3872 et
848 3826 964 3875 ululatum
983 3830 1014 3876 ob
1036 3829 1113 3876 Servii
1131 3833 1213 3874 mortem

181 3887 255 3935 altero
272 3889 341 3938 fuisse
357 3901 458 3940 statuam
471 3895 522 3956 ejus
536 3895 640 3959 ligneam
654 3906 679 3945 et
728 3906 803 3946 ortum
818 3913 869 3946 esse
883 3916 923 3962 per
940 3909 1015 3949 totam
1028 3902 1119 3950 urbem.
1146 3901 1212 3947 Ploci-

180 3960 327 4042 inauratam
350 3972 429 4011 statua
447 3965 489 4013 itta
508 3968 600 4016 duabus
619 3969 678 4032 togis
728 3975 770 4019 dtu
790 3976 853 4030 datm
881 3974 1022 4038 Dionysius,
1048 3975 1155 4035 ἐπιεικὴς
1177 3973 1209 4019 καὶ

180 4034 342 4117 aupennjectis
363 4044 427 4084 tecta
451 4049 510 4087 erat.
551 4042 625 4089 Varro
646 4041 676 4090 de
726 4045 822 4111 μέτριος
834 4047 908 4112 ἀνὴρ.
936 4051 968 4098 Et
984 4052 1054 4110 pletis
1069 4049 1208 4115 inprimere

181 4107 239 4156 Vita
259 4109 339 4174 populi
363 4109 464 4159 Romani
487 4114 548 4179 apud
572 4117 676 4165 Nonium
727 4119 842 4169 luotatem
863 4121 907 4170 sibi
930 4123 1117 4180 conciliat-eran
1135 4121 1208 4171 Linus

180 4182 258 4234 Marc.
269 4198 410 4243 narraverat,
422 4186 467 4236 hoc
483 4188 575 4253 siguum
587 4191 610 4239 in
626 4191 675 4239 Vir·
726 4191 742 4239 i.
755 4195 794 4242 46.
