2806 5018
308 355 352 420 48
590 352 630 416 Ρ.
654 352 816 421 OVlDlI
841 353 1057 422 NASONIS
1122 359 1124 362 ’

311 526 423 599 Nunc
437 525 534 599 bene
552 524 756 622 prospicies
768 525 926 613 Latiam,
943 525 1170 611 Concordia,
1180 526 1348 603 turbam:

361 641 473 714 Nunc
492 652 530 714 te
548 653 703 715 sacratae
721 643 918 716 restituere
935 665 1080 715 manus.
1283 645 1353 715 640

310 756 446 832 Furius
464 757 660 853 antiquum
678 758 807 855 populi
823 769 1017 855 superator
1036 755 1216 829 Hetrusci

359 872 534 958 Voverat,
554 882 593 944 et
608 871 683 944 voti
702 873 864 945 solverat
881 885 968 945 ante
986 871 1112 944 fidem.

310 988 448 1075 Causa,
469 986 573 1085 quod
590 1010 613 1059 a
630 988 798 1084 patribus
816 988 949 1060 sumtis
967 998 1177 1061 secesserat
1193 987 1307 1060 armis

358 1103 525 1199 Vulgus:
556 1113 595 1176 et
613 1102 696 1200 ipsa
713 1127 800 1176 suas
820 1102 943 1176 Roma
960 1103 1119 1175 timebat
1137 1126 1247 1200 opes.

309 1220 437 1292 Causa
450 1241 581 1291 recens
596 1217 747 1290 melior:
768 1241 900 1315 passos
916 1217 1120 1290 Germania
1131 1217 1257 1290 crines
1283 1219 1352 1289 645

360 1332 522 1428 Porrigit
540 1332 731 1428 auspiciiS,
751 1331 842 1404 Dux
858 1333 1083 1417 venerande,
1103 1331 1191 1403 tuis.

309 1449 404 1524 lude
422 1448 661 1545 triumphatae
680 1448 805 1521 libasti
823 1472 979 1521 munera
994 1447 1139 1543 gentis;

358 1561 592 1658 Templaque
609 1559 743 1647 fecisti,
762 1586 876 1658 quam
894 1564 988 1635 colis
1007 1563 1100 1659 ipse,
1121 1561 1229 1635 Deoe.

310 1675 404 1749 Haec
423 1687 489 1750 tua
505 1675 698 1749 constituit
715 1678 877 1773 genitrix
895 1689 934 1751 et
950 1678 1063 1751 rebus
1081 1686 1121 1752 et
1137 1700 1214 1761 ara,

361 1791 451 1864 Sola
467 1801 548 1864 toro
566 1791 690 1887 magni
708 1793 823 1888 digna
839 1806 987 1891 reperta
1003 1792 1026 1865 J
1028 1794 1120 1867 ovis.
1281 1795 1351 1864 650

309 1904 408 1980 Hac
429 1907 492 1980 ubi
509 1908 734 1993 transierint,
755 1909 997 2006 Capricorno,
1016 1909 1173 1993 Phoebe,
1192 1906 1335 1990 relicto,

359 2022 434 2096 Per
446 2023 594 2120 juvenis
612 2047 739 2098 curres
757 2024 865 2120 signa
882 2023 1046 2121 gerentis
1060 2046 1212 2120 aquam.

306 2263 408 2311 cretum,
420 2264 445 2304 ut
456 2256 584 2305 adestote
595 2272 666 2320 prope
678 2256 753 2303 surum
765 2271 805 2303 ex·
855 2259 929 2305 crinu
949 2271 1006 2304 suos
1024 2253 1148 2320 promissos
1167 2253 1199 2302 ad
1217 2260 1337 2302 tonsuram
1343 2268 1351 2310 ;

234 2352 239 2357 ·
307 2337 445 2376 strueretur.
460 2329 580 2377 Plutarch.
588 2329 675 2377 Camil.
684 2329 725 2375 42.
736 2329 806 2377 Tem·
855 2331 948 2378 Amorr.
969 2330 986 2378 i.
1008 2330 1051 2376 ll:
1076 2329 1160 2377 “Jam
1181 2327 1226 2375 tibi
1246 2326 1350 2393 captivos

309 2401 376 2465 plum
396 2401 445 2449 foro
464 2400 589 2450 imminens
605 2411 667 2451 recte
682 2405 808 2465 prospicere
855 2405 936 2452 mittet
956 2403 1085 2452 Germania
1105 2401 1199 2450 crines:
1218 2400 1293 2450 Culta
1312 2399 1351 2447 tri·

308 2475 402 2522 turbam
421 2484 462 2523 aut
479 2475 592 2540 populum
609 2476 633 2524 in
648 2476 696 2525 loro
714 2477 808 2525 dicitur.
857 2477 977 2542 omphalae
989 2492 1085 2524 munere
1096 2475 1174 2539 gentis
1184 2474 1262 2534 eris;''
1279 2474 1351 2522 Inter·

309 2546 340 2595 ld
350 2547 465 2605 Tiberius,
477 2549 626 2598 consulatum
643 2565 697 2598 cum
709 2551 756 2599 Cn.
766 2551 807 2599 Pi·
856 2551 918 2617 preti
929 2551 1025 2599 Gallico
1036 2551 1092 2598 Dor
1101 2551 1245 2597 emerendae
1255 2549 1352 2598 Germa·

309 2635 365 2669 sone
386 2620 463 2670 iniens
482 2622 632 2671 reficiendum
651 2624 764 2688 suscepit,
781 2632 808 2672 ut
858 2624 925 2672 nicus
944 2638 995 2672 esse
1020 2622 1120 2670 videtur.
1152 2622 1187 2669 At
1214 2621 1280 2669 bella
1305 2630 1353 2669 turn

306 2709 350 2742 suo
366 2703 390 2742 et
407 2694 480 2744 Drusi
497 2697 591 2745 nomine
607 2695 753 2753 inscriberet,
772 2707 807 2744 at·
857 2697 937 2747 omnia
957 2698 1099 2761 gerebantur
1119 2697 1226 2757 auspiciis
1247 2696 1353 2760 Impera·

309 2782 356 2830 que
373 2783 412 2816 an.
424 2768 455 2817 U.
467 2770 496 2818 C.
508 2769 566 2818 762.
577 2787 625 2835 quo
641 2785 688 2836 par
704 2770 728 2819 iu
746 2771 807 2819 Pan·
857 2771 923 2819 toris.
951 2771 1039 2818 Liberti
1050 2771 1238 2833 mumogeruis.
1261 2769 1353 2833 Neapo-

307 2841 379 2889 nonia
398 2850 422 2890 et
437 2842 561 2891 Dalmatia
576 2844 714 2908 composita,
727 2845 806 2893 Druso
858 2843 888 2892 lis
898 2844 928 2892 ad
944 2843 1068 2908 prandium
1079 2841 1170 2891 civibus
1186 2841 1320 2890 exhibitum
1330 2846 1353 2888 et

304 2914 355 2978 jam
373 2925 472 2972 mortuo,
489 2916 520 2966 ‹le
537 2917 655 2966 manubiis
672 2918 807 2976 dedicavit;
858 2916 1004 2981 congiarium
1014 2915 1262 2964 exmannbiiadatum
1270 2914 1353 2970 relert;

306 2988 432 3038 Suetonius
440 2990 493 3038 Tib.
503 2992 544 3038 20.
562 2992 684 3039 Socratem
699 3000 723 3039 et
741 3008 806 3039 sonc-
857 2989 1009 3038 Burmannus
1026 2988 1057 3036 ad
1074 2988 1182 3037 detonsos
1199 2988 1286 3042 crines,
1297 3000 1354 3052 quos

308 3072 365 3120 tum,
377 3063 493 3128 quidquid
508 3064 538 3112 ad
554 3064 720 3130 Imperatorem
736 3065 807 3130 perti·
856 3064 980 3128 Augustus
1000 3063 1086 3126 (immo
1101 3061 1223 3122 liberius)
1237 3061 1354 3111 libaverit.

307 3137 387 3185 nebat.
406 3136 466 3186 Vide
479 3137 597 3187 Rittersh.
612 3147 637 3187 et
653 3138 761 3186 Curtium
776 3138 807 3186 ad
857 3137 963 3184 Obscura
974 3151 1031 3184 sane
1042 3144 1113 3200 poeta
1122 3136 1215 3184 locutus
1228 3145 1281 3184 est:
1299 3143 1353 3200 puto

307 3209 495 3274 Plin.x.Epist.
509 3214 530 3259 l.
554 3211 620 3259 Infra
630 3211 655 3258 ii.
667 3212 708 3259 60.
730 3229 806 3260 rueru-
856 3220 937 3258 tameu
954 3225 1048 3259 sensum
1062 3225 1128 3258 esse:
1147 3219 1174 3257 tu
1191 3207 1354 3258 manubiasin

310 3292 346 3330 tus
363 3283 417 3330 Dur
431 3286 510 3345 populi
530 3285 648 3333 Hetrusoi.
667 3285 805 3333 Valentino·
857 3298 926 3330 usum
947 3297 1040 3330 sacrum
1065 3281 1193 3330 adhibuisti
1221 3289 1246 3330 et
1268 3280 1355 3346 templa

307 3371 359 3402 rum
379 3357 404 3402 in
425 3357 548 3406 Hetruscis
566 3358 804 3424 opulentissimorum,
857 3355 911 3403 inde
927 3354 1012 3403 fecisti·
1041 3355 1115 3409 Quom
1131 3357 1193 3410 volti»
1204 3355 1255 3404 751⁸
1272 3360 1354 3402 ‘1¹⁸0‘

307 3437 379 3491 atque
391 3428 542 3479 faliscorum.
567 3431 713 3487 Aureolim.
741 3432 807 3485 Quod
857 3428 969 3477 moribus.
998 3429 1113 3484 Gsnttrir,
1132 3427 1210 3477 Livia.
1244 3428 1281 3477 Ea
1299 3443 1354 3477 con·

307 3519 323 3547 o
333 3503 445 3562 putribus,
458 3511 506 3550 etc.
532 3504 617 3552 Omnis
628 3504 754 3553 multitudo
764 3521 807 3569 per
856 3502 960 3550 cordiam
979 3504 1044 3550 rebus
1059 3501 1115 3567 ipsis
1132 3501 1250 3566 Augusto,
1266 3510 1291 3551 et
1304 3518 1353 3556 ara,

307 3572 423 3621 Tribunos
434 3575 510 3638 plebis
521 3576 544 3623 in
555 3577 682 3640 principes,
689 3575 713 3623 in
725 3575 807 3640 primis
856 3590 929 3638 quarn
950 3576 1017 3629 forte,
1035 3585 1062 3623 ut
1083 3577 1167 3624 Const.
1187 3575 1304 3625 fanensis
1330 3583 1354 3623 et

308 3644 333 3693 in
352 3645 488 3705 Camillum,
504 3649 603 3697 incitata
618 3649 762 3712 postulabat,
780 3659 807 3698 ut
856 3648 1007 3696 Burmannus
1016 3649 1173 3713 suspicantur,
1181 3646 1206 3695 in
1215 3647 1353 3697 eoncordia

307 3718 368 3767 alter
387 3722 469 3769 consul
490 3738 506 3770 e
526 3723 595 3787 plebe
616 3732 750 3782 crearetur;
768 3723 806 3770 Li-
856 3719 908 3768 rede
925 3724 1052 3776 coustituit,
1071 3720 1187 3777 exhibuit,
1201 3721 1353 3785 quemadmo-

308 3791 368 3848 vius,
381 3810 403 3841 r.
417 3796 458 3843 25.
492 3796 550 3843 Suos
567 3784 657 3843 timebat
676 3812 732 3856 opes,
747 3812 805 3861 opes
856 3791 1032 3842 dumetBonae
1044 3794 1231 3860 Deuteurplum
1245 3794 1354 3851 restituit,

306 3864 384 3928 plebia
401 3869 538 3917 metuebant
559 3876 685 3916 senatores.
720 3869 805 3917 Noster
856 3883 877 3915 v.
890 3868 944 3915 157.
974 3867 1075 3932 Magnus
1085 3868 1327 3930 Jrrpiter,llugustns.

307 3937 427 4003 ingeniose
437 3940 502 4005 loqui
514 3941 596 3988 voluit.
887 3942 1026 3990 651-·656.
1043 3941 1104 3989 Solis
1118 3941 1232 3989 transitus
1246 3957 1260 3989 e
1271 3940 1355 4006 Capri·

341 4014 397 4062 645.
414 4015 515 4062 Sensus:
529 4012 657 4061 Germania
668 4013 714 4061 tuis
726 4014 803 4079 auspi3
855 4030 926 4063 como
945 4016 969 4062 in
986 4016 1128 4080 Aquarium.
1155 4016 1223 4079 Lyra
1240 4025 1265 4063 et
1282 4015 1354 4063 medii

307 4085 351 4134 ciis
368 4087 438 4134 victa.
475 4086 537 4135 Victi
554 4086 635 4134 victori
659 4089 804 4152 porrigebant
855 4089 940 4137 Leonis
964 4105 1070 4137 occasus.
1097 4088 1199 4144 Plinius,
1221 4077 1290 4137 xviii.
1310 4090 1353 4137 26.

307 4175 344 4215 ea,
360 4159 447 4223 quibus
461 4169 539 4208 essent
555 4161 674 4224 insignem
691 4162 804 4210 Germani
854 4169 869 4190 ‘⁴
883 4163 913 4210 Et
931 4179 1004 4226 quum
1022 4164 1056 4211 sol
1074 4163 1098 4211 in
1116 4162 1239 4226 aquarium
1254 4160 1356 4212 senatur
