2806 5018
173 364 239 432 198
456 361 496 429 Ρ.
521 363 682 429 OVIDlI
707 363 920 429 NASONIS

174 537 258 611 Illic
276 560 466 634 purpurea
481 561 597 612 canus
614 561 702 611 cum
719 547 824 611 veste
843 537 1021 610 sacerdos

222 653 393 726 Almonis
410 652 600 726 dominam
618 676 802 750 sacraque
819 653 909 726 lavit
925 650 1051 748 aquis.
1148 656 1215 725 340

173 768 382 842 Exululant
398 770 568 855 comites,
587 768 801 866 furiosaque
818 768 910 843 tibia
928 768 1039 841 fiatur
1055 796 1065 856 3

224 883 276 957 Et
291 883 429 957 feriunt
446 885 578 958 molles
596 896 726 957 taurea
742 895 849 979 terga
866 906 1013 956 manus.

174 999 336 1074 Claudia
353 1001 545 1097 praecedit,
564 1001 650 1073 loeto
667 999 912 1073 celeberrima
928 998 1033 1071 vultu
1052 1024 1062 1085 ;

225 1115 380 1189 Credita
398 1116 460 1188 vix
478 1117 630 1189 tandem
648 1125 746 1188 teste
764 1115 903 1213 pudica
921 1113 1019 1187 Dea.

173 1228 264 1328 lpsa
281 1231 418 1305 sedens
437 1232 604 1328 plaustro
622 1241 730 1328 porta
747 1242 807 1305 est
823 1231 972 1304 invecta
990 1229 1173 1327 Capena;

224 1346 460 1445 Sparguntur
472 1349 615 1442 junetae
633 1347 724 1420 flore
742 1356 892 1419 recente
910 1346 1041 1419 boves.
1147 1345 1214 1416 346

176 1460 318 1535 Nasica
334 1461 504 1557 accepit3
533 1462 664 1558 templi
682 1472 773 1533 tunc
792 1459 939 1533 exstitit
956 1470 1103 1533 auctor.

223 1575 419 1671 Augustus
437 1599 537 1648 nuuc
555 1587 634 1663 est;
665 1587 752 1650 ante
770 1575 950 1650 Metellus
967 1585 1064 1648 erat.

177 1691 357 1764 Substitit
374 1690 435 1764 hic
454 1689 593 1765 Erato:
622 1715 726 1765 mora
743 1692 798 1779 lit,
818 1692 850 1764 si
869 1701 1008 1765 caetera
1024 1711 1203 1788 quaeram.

227 1805 313 1893 Dic,
333 1807 500 1903 inquam,
520 1831 634 1904 parva
651 1832 719 1882 cur
736 1807 835 1905 stipe
852 1817 998 1904 quaerat
1013 1828 1110 1903 opes
1121 1804 1137 1877 l
1149 1806 1216 1875 350

207 2127 263 2175 ³45.
288 2127 379 2189 Capeno
400 2137 467 2188 porta
488 2142 526 2184 ea,
550 2126 613 2175 unde
636 2126 675 2174 via
724 2123 925 2191 Augustusdese
942 2121 1033 2186 ipsein
1049 2123 1121 2170 Mon.
1135 2119 1216 2182 Ancyr-

174 2198 255 2265 Appia
269 2199 410 2249 ducebatur.
445 2199 516 2248 Boves
525 2200 594 2264 jungi
613 2200 674 2249 sole·
722 2198 835 2247 “AEdem
853 2196 938 2245 Matris
958 2195 1058 2258 Magna
1084 2193 1109 2244 in
1130 2192 1217 2242 Palatio

174 2274 234 2322 bant
254 2273 327 2321 Matri
349 2272 436 2321 Deum.
475 2274 586 2338 Orpheus
609 2274 673 2337 hym.

173 2345 226 2393 xiii.
247 2347 273 2392 2.
295 2345 336 2393 ubi
356 2345 510 2410 rovpopdpov
527 2345 598 2410 ἅμμα
615 2347 675 2410 ejus.

175 2418 317 2482 nestoriam
329 2417 415 2482 sparsis
427 2418 560 2473 Lucretius,
572 2419 598 2466 ii.
608 2419 655 2466 627
667 2437 673 2466 z

175 2497 192 2520 ⁴¹
201 2490 311 2554 Ningunt
320 2505 424 2539 rosarum
435 2490 550 2545 Floribus,
562 2493 672 2540 umbran-

175 2570 213 2611 tes
233 2563 336 2610 Matrem
362 2564 522 2627 comitumque
542 2565 674 2613 catervas''

174 2636 312 2684 Secundum
326 2634 430 2693 livium,
444 2636 510 2685 xxix.
526 2638 563 2685 14.
577 2638 605 2686 P.
615 2638 672 2686 Cor·

175 2709 224 2766 nel,
234 2709 323 2773 Scipio,
334 2708 470 2758 adolescens
481 2710 584 2759 nondum
597 2727 673 2775 ques·

175 2784 256 2839 ton'us,
267 2799 337 2847 quem
349 2783 422 2832 virum
434 2785 547 2833 bonorum
558 2787 671 2849 optimum

175 2859 201 2906 in
220 2864 270 2905 tota
290 2873 341 2906 esse
359 2856 455 2906 civitate
473 2858 609 2921 judicarant
628 2859 672 2923 (ad

175 2931 302 2993 νωδὰ)
311 2947 366 2980 cum
380 2931 488 2980 omnibus
501 2934 614 2982 matronis
630 2934 671 2981 ob-

175 3006 228 3055 vius
244 3006 278 3053 ire
293 3005 371 3071 jussus
390 3005 458 3062 Dete,
478 3006 571 3070 siguum
588 3008 640 3072 ejus
658 3022 672 3055 a

175 3080 336 3130 sacerdotibus
346 3085 441 3143 occepit,
451 3081 584 3146 extulitque
590 3082 614 3130 in
625 3090 672 3129 ter·

174 3171 233 3205 nm.
253 3155 373 3204 Perlatum
385 3163 422 3203 est
432 3154 455 3203 in
466 3155 542 3203 edem
551 3155 672 3210 Victoriae.

175 3246 229 3295 quar
256 3238 307 3278 erat
335 3229 359 3276 in
387 3229 488 3284 Palatio,
516 3228 590 3293 pridie
616 3229 674 3277 Idus

174 3303 273 3369 Aprilis,
284 3302 350 3367 isque
360 3302 412 3351 dies
421 3302 495 3351 festus
507 3302 558 3351 luit.
585 3302 673 3351 lectis·

723 2271 797 2320 feci.''
815 2265 1214 2333 MetellumrputoLMetellAEal-

722 2346 836 2395 maticum
850 2343 959 2408 intelligi,
971 2357 1012 2390 su.
1023 2342 1056 2390 U.
1068 2342 1098 2391 C.
1107 2343 1164 2390 634.
1174 2354 1216 2389 oss.

723 2419 880 2484 eumdemque
891 2432 1019 2472 censorem,
1031 2432 1046 2464 a
1057 2431 1108 2481 quo
1117 2425 1144 2464 et
1152 2413 1216 2480 posti·

723 2509 765 2541 cus
775 2503 798 2543 et
810 2492 915 2543 Castoris
923 2490 989 2539 redes
999 2497 1131 2539 exstructa.
1146 2488 1216 2537 Cate-

723 2583 773 2615 rum
782 2567 813 2615 de
823 2569 852 2615 P.
863 2565 981 2630 Scipione,
991 2563 1042 2612 viro
1052 2563 1151 2629 optimo,
1160 2575 1218 2610 sacra

723 2640 765 2688 illa
781 2639 936 2689 sanctissimis
953 2637 1065 2686 manibus
1082 2635 1215 2701 accipiente.

722 2713 777 2762 vide
798 2713 945 2769 Ciceronem,
969 2711 1075 2777 Harusp.
1099 2711 1146 2768 13;
1175 2709 1216 2756 Vs·

722 2787 805 2835 lerium
819 2788 888 2835 Max.
898 2785 941 2833 rii.
954 2788 983 2843 53
1001 2783 1052 2832 viii.
1066 2784 1113 2842 15;
1129 2783 1215 2836 suun,

723 2861 814 2909 xviib.

756 2936 812 2982 ³50.
829 2934 914 2995 stipem
923 2931 959 2979 vir
969 2930 1091 2995 Phrygius
1101 2938 1128 2979 et
1141 2928 1216 2978 murier

722 3008 835 3071 Phrygia,
863 3007 941 3056 Deam
969 3004 1173 3061 circumferentes,
1197 3009 1216 3050 et

721 3080 888 3145 imagunculas
915 3079 1004 3144 pectori
1031 3078 1146 3143 alligatas
1170 3091 1216 3142 ges

723 3164 808 3210 rantes,
816 3154 971 3218 colligebaut5
981 3151 1045 3216 quod
1051 3153 1147 3218 proprio
1154 3151 1217 3201 verbu

721 3230 914 3293 μητραγυρτεῖν,
925 3227 956 3276 de
971 3242 1021 3292 quo
1034 3226 1091 3276 vide
1108 3226 1216 3275 Mania·

723 3304 788 3351 nium
806 3302 836 3350 ad
853 3301 936 3350 Timaei
947 3301 1028 3349 Gloss.
1038 3316 1097 3366 pag.
1109 3301 1135 3348 6.
1167 3299 1216 3348 lde·

174 3378 277 3426 ternium
293 3385 317 3424 et
332 3376 382 3424 ludi
398 3377 471 3432 luere,
483 3376 614 3440 Megalesia
631 3392 672 3440 ap·
724 3377 792 3426 minit
807 3378 893 3425 Noster
910 3376 982 3439 hujus
994 3378 1060 3437 stipis
1073 3374 1148 3423 etiam
1163 3374 1217 3422 tex

174 3451 272 3515 pellata.
303 3449 374 3496 Anno
387 3465 437 3512 seq.
454 3449 490 3496 M.
505 3449 615 3497 Cornelio
627 3450 673 3497 Ce·
724 3451 801 3498 Ponto
811 3449 827 3498 i.
836 3451 876 3497 40.
886 3450 927 3498 ubi
938 3448 1019 3497 addit:
1033 3455 1052 3477 “
1060 3448 1135 3497 Unde
1145 3457 1218 3496 tamea

172 3524 253 3588 thego,
275 3524 304 3571 P.
324 3521 461 3585 Sempronio
478 3522 596 3570 Tuditano
611 3538 673 3571 coss.
724 3523 796 3579 vivat,
808 3524 947 3572 vaticinator
958 3522 1059 3571 lrabet.”
1093 3523 1150 3571 Non
1164 3521 1219 3570 adeo

175 3595 454 3645 ademeilaeiendamex
464 3597 674 3645 senatusconsulto
723 3613 816 3658 paruum
833 3596 899 3645 illam
916 3595 1000 3661 stipem
1018 3595 1079 3644 facit
1092 3593 1220 3649 lucretius,

174 3669 312 3717 locaverunt
331 3684 447 3723 censores,
469 3685 541 3732 quam
560 3670 672 3718 tredecim
725 3671 750 3718 ii.
762 3673 825 3719 626:
844 3673 929 3719 “AEre
952 3680 1024 3734 atque
1045 3678 1147 3734 argento
1166 3679 1220 3719 ster·

176 3741 245 3791 aunis
253 3748 305 3806 post
313 3740 432 3788 dedicavit
442 3742 569 3791 M.Junius
577 3744 673 3791 Brutus.
724 3752 783 3792 nunt
792 3745 838 3792 iter
847 3759 917 3792 omne
925 3742 1154 3807 viarum,1argifica
1164 3742 1221 3808 stipe

174 3815 237 3865 Ludi
248 3816 278 3863 ob
289 3829 341 3863 eam
352 3812 526 3862 dedicationem
538 3814 603 3870 lacti,
615 3830 674 3879 quos
723 3816 852 3865 ditantes.¹'
884 3815 931 3865 Sed
947 3824 1010 3864 errat
1026 3815 1140 3873 Ovidius,
1154 3830 1222 3881 quasa

175 3888 262 3955 primos
276 3887 382 3935 scenicos
397 3885 476 3941 luisse,
492 3886 578 3933 Antias
593 3896 675 3936 auctor
723 3890 778 3940 inde
789 3894 870 3940 dandis
884 3894 948 3953 stipis
962 3905 1046 3938 morsm
1059 3893 1169 3940 msssims
1181 3891 1224 3948 ait;

174 3962 251 4011 fuerat
261 3979 268 4020 ;
286 3959 419 4023 Megalesia
430 3959 565 4023 appellata;
585 3959 674 4016 Livius,
723 3966 811 4014 etenim
820 3965 927 4030 ἀγείρειν
935 3965 993 4029 θεῷ,
998 3963 1085 4028 stipem
1093 3965 1150 4013 Deo
1157 3962 1226 4014 alieni

175 4034 256 4085 xxxvi.
265 4035 305 4082 36.
323 4032 409 4094 Templi
418 4036 503 4080 exstitit
511 4042 600 4080 auctor.
617 4034 673 4080 For·
724 4038 843 4104 colligere,
854 4038 981 4088 admodum
999 4038 1106 4088 „temne
1123 4048 1185 4096 ent,
1200 4048 1228 4088 ui

174 4119 238 4159 tasse
257 4125 285 4157 eo
306 4117 401 4156 auctore
425 4115 521 4155 senatus
542 4106 674 4155 consultum
724 4123 845 4177 apparete
858 4111 996 4161 Ruhnkenii
1008 4112 1076 4162 dicto
1085 4113 1150 4163 1000,

174 4185 264 4234 lactum
290 4192 327 4231 est
351 4183 381 4230 de
409 4181 497 4247 templo
524 4181 673 4231 exstruendo.
