2806 5018
488 364 543 428 IN
568 365 728 432 OVIDII
752 367 939 433 FASTOS.
1156 371 1232 437 -393

187 553 286 614 super
300 535 539 615 ponderandum
556 539 693 602 videtur.
730 540 887 604 Videmus
902 540 986 604 euim
1001 542 1133 625 populos
1148 542 1229 608 anti-

189 654 268 717 quos
293 636 326 698 in
349 637 458 719 primis
480 638 612 703 culturae
636 641 787 722 gradibus
810 652 974 706 versantes
999 652 1033 706 et
1056 652 1131 706 ante
1152 647 1229 710 artis

186 736 362 818 scriptoriae
378 739 429 800 vel
448 738 590 822 plasticae
610 742 698 805 initia
716 745 756 805 ad
777 743 899 806 fabulas
919 753 953 807 et
971 745 1139 827 religiones
1154 768 1228 811 suas

185 841 406 921 propagandas
430 851 466 905 et
485 843 663 924 posteritati
688 845 859 908 tradendas
885 846 1085 917 carminibus.
1110 868 1182 930 quea
1208 870 1229 912 a

187 940 294 1004 bardis
318 942 382 1002 suis
407 945 580 1025 composita
602 944 804 1028 omniumque
826 967 879 1009 ore
901 946 1105 1029 frequentata
1125 960 1226 1024 erant,

186 1045 227 1105 ad
249 1064 346 1107 unum
367 1046 436 1108 sere
458 1067 566 1109 omnes
588 1069 661 1109 usos
682 1069 765 1110 esso.
811 1047 966 1110 Habuere
987 1049 1143 1132 ejusmodi
1159 1072 1226 1114 oar-

186 1145 272 1207 mina
292 1145 411 1219 Graeoi,
428 1146 575 1219 Romani,
594 1147 757 1222 Germani,
776 1148 920 1213 Hebraei.
965 1150 1048 1230 Quae
1069 1151 1096 1213 si
1119 1150 1225 1235 igitur,

185 1246 239 1310 vel
254 1247 293 1310 ob
305 1248 480 1311 naturalem
493 1270 601 1312 eorum
616 1251 841 1332 praestantiam,
853 1257 889 1312 ut
903 1251 935 1312 in
947 1249 1070 1314 Graecis
1083 1251 1226 1314 carmini-

184 1350 246 1413 bus
270 1349 526 1424 Homeridarum,
548 1351 598 1414 vel
622 1373 697 1414 casu
721 1352 826 1435 aliquo
849 1360 974 1415 servata
1000 1361 1083 1425 sunt,
1100 1360 1226 1416 veteres

183 1451 249 1515 illae
263 1453 344 1515 ideae
358 1464 393 1516 et
406 1454 522 1516 fabulae
538 1453 630 1538 hujus
645 1455 755 1537 populi
769 1476 840 1518 cum
855 1454 893 1517 iis
907 1455 1084 1537 posteritati
1100 1455 1224 1517 traditae

182 1562 220 1618 et
232 1557 323 1637 quasi
338 1557 467 1619 sanoitae
482 1566 578 1630 sunt;
599 1558 788 1620 econtrario
808 1578 880 1620 cum
900 1557 936 1620 iis
955 1557 1098 1639 plurimae
1119 1556 1223 1642 gentis
1282 1586 1285 1591 ·

182 1656 300 1720 sabulae
320 1660 456 1741 periere,
467 1669 506 1731 ,et
529 1661 657 1723 unicum
680 1669 754 1723 tunc
777 1661 935 1723 memoriae
956 1679 1057 1743 genus
1077 1679 1223 1721 mansere

180 1758 262 1821 ritus
282 1760 363 1822 sacri
382 1762 414 1823 in
435 1762 616 1824 memoriam
633 1762 776 1825 Deorum
796 1762 940 1825 instituti.
986 1760 1039 1823 Ita
1058 1760 1141 1824 inter
1155 1758 1221 1823 Ro-

181 1880 293 1923 manos
312 1861 431 1924 facttum
452 1884 522 1926 esso
543 1864 686 1926 arbitror.
732 1863 841 1926 Rudiu
862 1862 925 1936 illa,
942 1884 1014 1945 quae
1036 1861 1163 1924 Latium
1187 1869 1223 1924 et

184 1959 291 2025 Roma
310 1961 458 2036 habuere,
474 1965 576 2047 patria
597 1961 764 2036 carminad,
780 1965 859 2027 citra
874 1963 1004 2027 dubium
1019 1964 1051 2025 in
1067 1963 1222 2046 religione

181 2070 308 2146 patrum
323 2066 521 2147 potissimum
534 2066 701 2139 versantia,
714 2066 796 2129 adeo
810 2086 918 2148 parum
934 2055 1121 2128 auctoritate
1134 2063 1221 2126 valu-

175 2165 246 2228 isse
266 2174 300 2229 et
319 2167 488 2230 virtutibus
508 2189 543 2230 se
567 2169 805 2230 commendasse
824 2167 980 2239 videntur,
997 2174 1033 2227 ut
1054 2165 1113 2228 nisi
1133 2164 1220 2246 prius

180 2267 307 2342 amissa,
332 2277 438 2332 tamen
463 2271 552 2352 poesi
574 2270 698 2334 Graeoae
722 2271 754 2331 in
776 2268 902 2333 Italiam
929 2267 1088 2331 translatas
1113 2267 1219 2330 statim

177 2368 346 2443 oederent,
359 2379 393 2432 et
407 2392 479 2433 cum
494 2371 532 2434 iis
547 2371 656 2452 patriae
668 2371 730 2434 illae
742 2371 859 2433 veteris
871 2370 955 2433 Latii
969 2370 1051 2433 ideoe
1062 2367 1219 2453 religiosae

178 2478 216 2532 et
236 2471 334 2554 mythi
353 2471 435 2534 haud
457 2472 553 2534 dubie
573 2472 734 2555 perierint,
751 2472 796 2535 ita
816 2480 862 2544 ut,
878 2471 1001 2535 nonnisi
1020 2471 1052 2533 iu
1073 2470 1164 2533 festis
1184 2477 1220 2532 et

177 2571 292 2636 ritibus
312 2574 492 2637 domesticis
517 2574 622 2657 aliqua
642 2596 751 2637 eorum
771 2575 884 2638 notitia
902 2582 1037 2648 servata,
1054 2594 1159 2636 causae
1178 2573 1219 2635 ri-

178 2682 271 2736 tuum
296 2674 418 2738 illorum
441 2676 628 2759 plerumque
653 2677 804 2758 perirent.
849 2675 931 2739 Inde
957 2675 1050 2738 simul
1075 2680 1218 2758 apparet,

177 2797 237 2838 cur
250 2776 311 2858 ipsi
324 2787 449 2840 veteres
464 2778 495 2841 in
510 2778 625 2861 mythis
640 2788 673 2841 et
687 2780 834 2852 causis,a
849 2779 962 2862 quibus
977 2778 1065 2841 feriae
1080 2786 1113 2840 et
1129 2796 1218 2840 cere·

178 2881 295 2944 mouiae
311 2881 493 2945 domestice
509 2883 693 2964 repetendas
708 2891 824 2955 essent,
841 2882 921 2944 adeo
939 2882 972 2944 in
989 2881 1116 2944 diversa
1132 2878 1218 2942 abie-

178 2983 254 3055 rint,
279 3004 377 3065 quum
400 2992 511 3046 vetera
533 2983 585 3045 illa
608 2992 812 3047 monumenta
835 2984 886 3046 vel
909 2982 1076 3065 deperdita
1098 2987 1216 3052 esseut,

211 3151 362 3219 *Ejusmodi
389 3154 453 3203 luere
474 3156 580 3203 saturnii
597 3173 673 3205 oerau
722 3164 790 3212 ruut;
814 3154 877 3218 (vid.
900 3154 961 3204 inlrs
981 3153 1011 3202 de
1032 3151 1146 3213 Venere.)
1186 3152 1216 3201 Iu

176 3236 254 3277 metro
267 3228 319 3277 rudi
329 3237 354 3277 et
368 3229 502 3289 incondito;
520 3230 578 3278 Hor.
589 3246 627 3295 ep.
638 3230 672 3279 11.
722 3229 805 3294 paucis
819 3229 856 3285 iis,
867 3245 919 3292 qua
938 3228 1059 3281 habemus,
1070 3225 1216 3290 fragmentis,

175 3302 194 3352 i.
210 3301 398 3350 reoccupatus
413 3304 476 3366 apud
484 3305 536 3353 cic.
547 3305 615 3353 Brut.
628 3306 671 3363 la,
722 3321 746 3353 v.
755 3320 777 3352 c.
798 3304 880 3360 Jonas,
890 3304 957 3368 cujus
966 3303 1084 3369 precipue
1095 3302 1128 3349 ibi
1139 3300 1218 3366 partes

175 3377 281 3422 carmina
291 3375 399 3431 Saturis,
410 3387 499 3440 postea,
508 3393 580 3441 quum
591 3393 621 3425 ex
632 3393 672 3426 ac·
722 3377 786 3427 luere
797 3377 872 3440 (unde
885 3376 967 3442 Lydus
984 3391 998 3424 a
1012 3375 1113 3440 potiore:
1133 3373 1217 3424 Σάλιοι

172 3447 283 3495 'cessione
302 3447 422 3496 literarum
438 3450 574 3498 Graecarum
591 3449 673 3514 lingue
722 3450 914 3516 ὑμνοποωῦντις
923 3451 968 3500 τὸν
978 3448 1092 3508 Ἰαννόν)
1102 3449 1217 3497 Saturnus

173 3522 264 3569 mirum
283 3521 308 3569 in
328 3523 423 3571 modum
443 3532 534 3572 munta
549 3534 619 3580 esset,
632 3525 672 3574 vis
722 3527 807 3589 (quam
824 3524 921 3572 sormam
934 3522 985 3571 vult
1002 3521 1079 3581 Scel.)
1097 3523 1215 3580 Lutetiae,

174 3595 308 3650 intellecta,
317 3612 415 3661 quorum
423 3606 501 3646 autem
509 3614 618 3662 maguam
626 3599 673 3646 vim
726 3598 851 3654 Volumnia,
875 3597 964 3652 Manto,
987 3596 1109 3643 Pitumnus
1134 3611 1217 3645 occur·

175 3686 229 3718 esse
240 3669 272 3718 ad
283 3669 459 3732 intelligendam
471 3673 570 3736 patriam
582 3673 673 3737 mytho-
721 3680 784 3727 runt,
805 3671 834 3719 de
852 3685 950 3735 quorum
971 3667 1112 3733 antiquitate
1128 3678 1153 3718 ct
1175 3669 1218 3717 do·

175 3742 265 3806 logiam
273 3752 362 3791 certum
374 3753 417 3792 est.
449 3745 673 3800 Eaeuimnumiua,
721 3744 820 3793 mestica
840 3744 864 3792 in
887 3742 959 3791 Italia
979 3741 1091 3807 religione
1108 3743 1217 3807 judicare

171 3832 231 3880 que
242 3816 266 3864 in
276 3815 324 3865 illis
334 3818 470 3866 nominatim
481 3828 614 3874 occurrunt,
622 3821 673 3884 jam
721 3819 785 3868 licet
819 3818 891 3867 Aliud
905 3833 985 3867 eorum
996 3815 1143 3865 commodum
1154 3818 1217 3866 ineo

169 3901 234 3948 ,tuuc
247 3892 406 3940 Romaeculta
421 3908 480 3947 esse,
488 3893 595 3957 judicare
606 3894 671 3948 licet,
723 3903 835 3947 versatur,
857 3902 892 3948 ut,
912 3890 932 3939 si
952 3892 1009 3957 quid
1027 3890 1101 3948 aliud,
1120 3892 1218 3956 antiqua

174 3964 263 4029 etjam
281 3973 373 4012 veteres
390 3965 535 4028 grammatici
551 3982 579 4014 ex
598 3982 635 4021 eo,
653 3966 672 4014 si
723 3983 802 4016 eorum
829 3967 919 4029 lingua,
945 3965 977 4014 ad
993 3980 1071 4014 veram
1098 3965 1216 4012 notionem

175 4036 240 4101 quod
252 4053 339 4086 numen
351 4039 433 4086 inillis
448 4055 495 4087 non
509 4040 673 4095 obviumerat,
723 4041 820 4089 deorum
852 4040 1005 4105 quorumdam
1038 4038 1217 4086 domesticorum

173 4112 205 4159 sle
226 4111 313 4160 seriore
338 4113 389 4176 ejus
409 4114 542 4162 accessione
567 4114 672 4177 conjece·
724 4112 1134 4178 conjecturaadsequcndamducat.

224 4210 308 4255 von.
327 4211 360 4256 v.
418 4275 419 4278 Ἴ
859 4195 919 4257 3η
