<?xml version="1.0" encoding="UTF-8"?>
<!DOCTYPE html PUBLIC "-//W3C//DTD XHTML 1.0 Transitional//EN"
    "http://www.w3.org/TR/xhtml1/DTD/xhtml1-transitional.dtd">
<html xmlns="http://www.w3.org/1999/xhtml" xml:lang="en" lang="en">
 <head>
  <title>
</title>
<meta http-equiv="Content-Type" content="text/html;charset=utf-8" />
  <meta name='ocr-system' content='tesseract 3.04.00' />
  <meta name='ocr-capabilities' content='ocr_page ocr_carea ocr_par ocr_line ocrx_word'/>
</head>
<body>
  <div class='ocr_page' id='page_1' title='image "./povidiinasoniso03burmgoog_0386.png"; bbox 0 0 2806 5018; ppageno 0'>
   <div class='ocr_carea' id='block_1_1' title="bbox 468 372 1216 444">
    <p class='ocr_par' dir='ltr' id='par_1_1' title="bbox 468 372 1216 444">
     <span class='ocr_line' id='line_1_1' title="bbox 468 372 1216 444; baseline -0.001 0"><span class='ocrx_word' id='word_1_1' title='bbox 468 379 524 444; x_wconf 92' lang='lat' dir='ltr'><strong>IN</strong></span> <span class='ocrx_word' id='word_1_2' title='bbox 547 374 708 443; x_wconf 80' lang='lat' dir='ltr'><strong>avlml</strong></span> <span class='ocrx_word' id='word_1_3' title='bbox 731 372 920 442; x_wconf 66' lang='lat' dir='ltr'><strong>alatos</strong></span> <span class='ocrx_word' id='word_1_4' title='bbox 1150 379 1216 443; x_wconf 77' lang='lat'><strong>40⁶</strong></span> 
     </span>
    </p>
   </div>
   <div class='ocr_carea' id='block_1_2' title="bbox 172 548 1230 4110">
    <p class='ocr_par' dir='ltr' id='par_1_2' title="bbox 172 548 1230 4110">
     <span class='ocr_line' id='line_1_2' title="bbox 172 548 1215 636; baseline 0 -19"><span class='ocrx_word' id='word_1_5' title='bbox 172 562 244 617; x_wconf 86' lang='lat' dir='ltr'><strong>tum</strong></span> <span class='ocrx_word' id='word_1_6' title='bbox 254 553 364 617; x_wconf 88' lang='lat' dir='ltr'><strong>orbem</strong></span> <span class='ocrx_word' id='word_1_7' title='bbox 378 551 634 636; x_wconf 77' lang='lat' dir='ltr'><strong>gravissimorum</strong></span> <span class='ocrx_word' id='word_1_8' title='bbox 650 557 770 613; x_wconf 79' lang='lat' dir='ltr'><strong>naturae</strong></span> <span class='ocrx_word' id='word_1_9' title='bbox 785 548 1073 632; x_wconf 82' lang='lat' dir='ltr'><strong>pbaenomenorum,</strong></span> <span class='ocrx_word' id='word_1_10' title='bbox 1086 559 1121 615; x_wconf 93' lang='lat' dir='ltr'><strong>et</strong></span> <span class='ocrx_word' id='word_1_11' title='bbox 1135 559 1215 617; x_wconf 87' lang='lat' dir='ltr'><strong>tem·</strong></span> 
     </span>
     <span class='ocr_line' id='line_1_3' title="bbox 173 651 1218 738; baseline 0.001 -20"><span class='ocrx_word' id='word_1_12' title='bbox 173 655 258 738; x_wconf 86' lang='lat' dir='ltr'><strong>poris</strong></span> <span class='ocrx_word' id='word_1_13' title='bbox 281 664 370 719; x_wconf 90' lang='lat' dir='ltr'><strong>certo</strong></span> <span class='ocrx_word' id='word_1_14' title='bbox 393 653 496 737; x_wconf 90' lang='lat' dir='ltr'><strong>spatio</strong></span> <span class='ocrx_word' id='word_1_15' title='bbox 517 652 747 717; x_wconf 80' lang='lat' dir='ltr'><strong>recurrentium</strong></span> <span class='ocrx_word' id='word_1_16' title='bbox 769 651 926 734; x_wconf 80' lang='lat' dir='ltr'><strong>designat,</strong></span> <span class='ocrx_word' id='word_1_17' title='bbox 944 670 1061 715; x_wconf 90' lang='lat' dir='ltr'><strong>annum</strong></span> <span class='ocrx_word' id='word_1_18' title='bbox 1081 653 1218 720; x_wconf 87' lang='lat' dir='ltr'><strong>solarem</strong></span> 
     </span>
     <span class='ocr_line' id='line_1_4' title="bbox 173 750 1217 840; baseline -0.011 -20"><span class='ocrx_word' id='word_1_19' title='bbox 173 767 285 839; x_wconf 89' lang='lat' dir='ltr'><strong>aperte</strong></span> <span class='ocrx_word' id='word_1_20' title='bbox 300 757 472 820; x_wconf 80' lang='lat' dir='ltr'><strong>desiderat.</strong></span> <span class='ocrx_word' id='word_1_21' title='bbox 517 754 561 818; x_wconf 88' lang='lat' dir='ltr'><strong>Et</strong></span> <span class='ocrx_word' id='word_1_22' title='bbox 578 754 704 817; x_wconf 90' lang='lat' dir='ltr'><strong>omnino</strong></span> <span class='ocrx_word' id='word_1_23' title='bbox 725 750 799 816; x_wconf 91' lang='lat' dir='ltr'><strong>nihil</strong></span> <span class='ocrx_word' id='word_1_24' title='bbox 822 762 943 816; x_wconf 77' lang='lat' dir='ltr'><strong>naturas</strong></span> <span class='ocrx_word' id='word_1_25' title='bbox 964 755 1065 840; x_wconf 79' lang='lat' dir='ltr'><strong>magis</strong></span> <span class='ocrx_word' id='word_1_26' title='bbox 1084 776 1217 821; x_wconf 87' lang='lat' dir='ltr'><strong>consen.</strong></span> 
     </span>
     <span class='ocr_line' id='line_1_5' title="bbox 172 857 1221 944; baseline 0 -16"><span class='ocrx_word' id='word_1_27' title='bbox 172 869 302 929; x_wconf 79' lang='lat' dir='ltr'><strong>taneum</strong></span> <span class='ocrx_word' id='word_1_28' title='bbox 319 871 379 935; x_wconf 88' lang='lat' dir='ltr'><strong>est,</strong></span> <span class='ocrx_word' id='word_1_29' title='bbox 394 880 490 944; x_wconf 84' lang='lat' dir='ltr'><strong>quam</strong></span> <span class='ocrx_word' id='word_1_30' title='bbox 506 869 543 923; x_wconf 91' lang='lat' dir='ltr'><strong>ut</strong></span> <span class='ocrx_word' id='word_1_31' title='bbox 556 859 665 942; x_wconf 88' lang='lat' dir='ltr'><strong>populi</strong></span> <span class='ocrx_word' id='word_1_32' title='bbox 679 858 775 920; x_wconf 88' lang='lat' dir='ltr'><strong>rudes</strong></span> <span class='ocrx_word' id='word_1_33' title='bbox 791 857 871 921; x_wconf 86' lang='lat' dir='ltr'><strong>hanc</strong></span> <span class='ocrx_word' id='word_1_34' title='bbox 890 859 1055 941; x_wconf 89' lang='lat' dir='ltr'><strong>periodum</strong></span> <span class='ocrx_word' id='word_1_35' title='bbox 1071 882 1090 925; x_wconf 91' lang='lat' dir='ltr'><strong>a</strong></span> <span class='ocrx_word' id='word_1_36' title='bbox 1104 871 1221 928; x_wconf 87' lang='lat' dir='ltr'><strong>natura</strong></span> 
     </span>
     <span class='ocr_line' id='line_1_6' title="bbox 172 959 1219 1045; baseline 0.008 -22"><span class='ocrx_word' id='word_1_37' title='bbox 172 963 243 1045; x_wconf 86' lang='lat' dir='ltr'><strong>ipsa</strong></span> <span class='ocrx_word' id='word_1_38' title='bbox 255 963 470 1034; x_wconf 82' lang='lat' dir='ltr'><strong>constitutam,</strong></span> <span class='ocrx_word' id='word_1_39' title='bbox 480 970 514 1023; x_wconf 91' lang='lat' dir='ltr'><strong>et</strong></span> <span class='ocrx_word' id='word_1_40' title='bbox 527 960 665 1023; x_wconf 81' lang='lat' dir='ltr'><strong>maxime</strong></span> <span class='ocrx_word' id='word_1_41' title='bbox 680 959 711 1022; x_wconf 93' lang='lat' dir='ltr'><strong>in</strong></span> <span class='ocrx_word' id='word_1_42' title='bbox 728 959 835 1022; x_wconf 92' lang='lat' dir='ltr'><strong>oculos</strong></span> <span class='ocrx_word' id='word_1_43' title='bbox 845 959 1070 1037; x_wconf 81' lang='lat' dir='ltr'><strong>incurrentem,</strong></span> <span class='ocrx_word' id='word_1_44' title='bbox 1082 965 1122 1028; x_wconf 89' lang='lat' dir='ltr'><strong>ad</strong></span> <span class='ocrx_word' id='word_1_45' title='bbox 1138 975 1219 1031; x_wconf 69' lang='lat' dir='ltr'><strong>rema</strong></span> 
     </span>
     <span class='ocr_line' id='line_1_7' title="bbox 173 1060 1218 1147; baseline 0.006 -21"><span class='ocrx_word' id='word_1_46' title='bbox 173 1083 253 1147; x_wconf 89' lang='lat' dir='ltr'><strong>pora</strong></span> <span class='ocrx_word' id='word_1_47' title='bbox 277 1064 454 1147; x_wconf 84' lang='lat' dir='ltr'><strong>digerenda</strong></span> <span class='ocrx_word' id='word_1_48' title='bbox 475 1062 656 1127; x_wconf 86' lang='lat' dir='ltr'><strong>adhibeant.</strong></span> <span class='ocrx_word' id='word_1_49' title='bbox 702 1060 738 1123; x_wconf 90' lang='lat' dir='ltr'><strong>Si</strong></span> <span class='ocrx_word' id='word_1_50' title='bbox 759 1081 836 1124; x_wconf 84' lang='lat' dir='ltr'><strong>vero</strong></span> <span class='ocrx_word' id='word_1_51' title='bbox 858 1060 888 1124; x_wconf 86' lang='lat' dir='ltr'><strong>b.</strong></span> <span class='ocrx_word' id='word_1_52' title='bbox 906 1062 927 1125; x_wconf 86' lang='lat' dir='ltr'><strong>l.</strong></span> <span class='ocrx_word' id='word_1_53' title='bbox 943 1083 1065 1127; x_wconf 89' lang='lat' dir='ltr'><strong>annum</strong></span> <span class='ocrx_word' id='word_1_54' title='bbox 1082 1066 1218 1132; x_wconf 88' lang='lat' dir='ltr'><strong>solarem</strong></span> 
     </span>
     <span class='ocr_line' id='line_1_8' title="bbox 174 1162 1218 1248; baseline 0.004 -19"><span class='ocrx_word' id='word_1_55' title='bbox 174 1167 331 1248; x_wconf 88' lang='lat' dir='ltr'><strong>ponimus,</strong></span> <span class='ocrx_word' id='word_1_56' title='bbox 347 1167 388 1229; x_wconf 90' lang='lat' dir='ltr'><strong>de</strong></span> <span class='ocrx_word' id='word_1_57' title='bbox 405 1165 560 1229; x_wconf 85' lang='lat' dir='ltr'><strong>mensium</strong></span> <span class='ocrx_word' id='word_1_58' title='bbox 576 1183 707 1228; x_wconf 90' lang='lat' dir='ltr'><strong>numero</strong></span> <span class='ocrx_word' id='word_1_59' title='bbox 721 1170 756 1224; x_wconf 89' lang='lat' dir='ltr'><strong>et</strong></span> <span class='ocrx_word' id='word_1_60' title='bbox 769 1162 890 1226; x_wconf 89' lang='lat' dir='ltr'><strong>ratione</strong></span> <span class='ocrx_word' id='word_1_61' title='bbox 906 1164 1073 1231; x_wconf 84' lang='lat' dir='ltr'><strong>difficultas</strong></span> <span class='ocrx_word' id='word_1_62' title='bbox 1088 1169 1197 1233; x_wconf 91' lang='lat' dir='ltr'><strong>oritur.</strong></span> <span class='ocrx_word' id='word_1_63' title='bbox 1216 1207 1218 1212; x_wconf 93' lang='lat'>·</span> 
     </span>
     <span class='ocr_line' id='line_1_9' title="bbox 220 1265 1218 1352; baseline 0.007 -22"><span class='ocrx_word' id='word_1_64' title='bbox 220 1267 269 1330; x_wconf 92' lang='lat' dir='ltr'><strong>Il.</strong></span> <span class='ocrx_word' id='word_1_65' title='bbox 295 1268 402 1331; x_wconf 84' lang='lat' dir='ltr'><strong>Fuere</strong></span> <span class='ocrx_word' id='word_1_66' title='bbox 409 1268 477 1352; x_wconf 88' lang='lat' dir='ltr'><strong>jam</strong></span> <span class='ocrx_word' id='word_1_67' title='bbox 493 1266 577 1331; x_wconf 87' lang='lat' dir='ltr'><strong>inter</strong></span> <span class='ocrx_word' id='word_1_68' title='bbox 590 1275 727 1339; x_wconf 87' lang='lat' dir='ltr'><strong>veteres,</strong></span> <span class='ocrx_word' id='word_1_69' title='bbox 742 1265 797 1348; x_wconf 92' lang='lat' dir='ltr'><strong>qui</strong></span> <span class='ocrx_word' id='word_1_70' title='bbox 811 1287 937 1329; x_wconf 90' lang='lat' dir='ltr'><strong>omnem</strong></span> <span class='ocrx_word' id='word_1_71' title='bbox 952 1266 1032 1331; x_wconf 89' lang='lat' dir='ltr'><strong>hanc</strong></span> <span class='ocrx_word' id='word_1_72' title='bbox 1048 1270 1088 1332; x_wconf 94' lang='lat' dir='ltr'><strong>de</strong></span> <span class='ocrx_word' id='word_1_73' title='bbox 1103 1272 1218 1339; x_wconf 87' lang='lat' dir='ltr'><strong>decem</strong></span> 
     </span>
     <span class='ocr_line' id='line_1_10' title="bbox 175 1368 1219 1456; baseline 0.005 -23"><span class='ocrx_word' id='word_1_74' title='bbox 175 1370 338 1434; x_wconf 86' lang='lat' dir='ltr'><strong>mensibus</strong></span> <span class='ocrx_word' id='word_1_75' title='bbox 360 1369 477 1434; x_wconf 85' lang='lat' dir='ltr'><strong>samam</strong></span> <span class='ocrx_word' id='word_1_76' title='bbox 503 1378 670 1453; x_wconf 81' lang='lat' dir='ltr'><strong>negarent,</strong></span> <span class='ocrx_word' id='word_1_77' title='bbox 694 1377 729 1431; x_wconf 89' lang='lat' dir='ltr'><strong>et</strong></span> <span class='ocrx_word' id='word_1_78' title='bbox 755 1368 878 1431; x_wconf 90' lang='lat' dir='ltr'><strong>nonnisi</strong></span> <span class='ocrx_word' id='word_1_79' title='bbox 901 1388 944 1433; x_wconf 87' lang='lat' dir='ltr'><strong>ex</strong></span> <span class='ocrx_word' id='word_1_80' title='bbox 970 1371 1219 1456; x_wconf 84' lang='lat' dir='ltr'><strong>antiquariorum</strong></span> 
     </span>
     <span class='ocr_line' id='line_1_11' title="bbox 175 1471 1221 1558; baseline 0.006 -22"><span class='ocrx_word' id='word_1_81' title='bbox 175 1473 470 1558; x_wconf 74' lang='lat' dir='ltr'><strong>conjectationibus,</strong></span> <span class='ocrx_word' id='word_1_82' title='bbox 497 1473 584 1557; x_wconf 93' lang='lat' dir='ltr'><strong>quod</strong></span> <span class='ocrx_word' id='word_1_83' title='bbox 610 1471 783 1552; x_wconf 89' lang='lat' dir='ltr'><strong>Quinctilis</strong></span> <span class='ocrx_word' id='word_1_84' title='bbox 813 1481 846 1534; x_wconf 90' lang='lat' dir='ltr'><strong>et</strong></span> <span class='ocrx_word' id='word_1_85' title='bbox 875 1472 1009 1536; x_wconf 87' lang='lat' dir='ltr'><strong>Sextilis</strong></span> <span class='ocrx_word' id='word_1_86' title='bbox 1037 1496 1057 1537; x_wconf 94' lang='lat' dir='ltr'><strong>a</strong></span> <span class='ocrx_word' id='word_1_87' title='bbox 1087 1496 1221 1542; x_wconf 89' lang='lat' dir='ltr'><strong>numero</strong></span> 
     </span>
     <span class='ocr_line' id='line_1_12' title="bbox 175 1568 1220 1649; baseline 0.006 -12"><span class='ocrx_word' id='word_1_88' title='bbox 175 1575 253 1638; x_wconf 90' lang='lat' dir='ltr'><strong>dicti</strong></span> <span class='ocrx_word' id='word_1_89' title='bbox 276 1582 396 1649; x_wconf 90' lang='lat' dir='ltr'><strong>essent,</strong></span> <span class='ocrx_word' id='word_1_90' title='bbox 417 1583 518 1638; x_wconf 92' lang='lat' dir='ltr'><strong>ortam</strong></span> <span class='ocrx_word' id='word_1_91' title='bbox 540 1596 611 1638; x_wconf 89' lang='lat' dir='ltr'><strong>esse</strong></span> <span class='ocrx_word' id='word_1_92' title='bbox 634 1568 819 1636; x_wconf 89' lang='lat' dir='ltr'><strong>scriberent.</strong></span> <span class='ocrx_word' id='word_1_93' title='bbox 866 1571 919 1637; x_wconf 88' lang='lat' dir='ltr'><strong>lta</strong></span> <span class='ocrx_word' id='word_1_94' title='bbox 941 1572 1083 1640; x_wconf 82' lang='lat' dir='ltr'><strong>licinius</strong></span> <span class='ocrx_word' id='word_1_95' title='bbox 1107 1577 1220 1643; x_wconf 88' lang='lat' dir='ltr'><strong>Macer</strong></span> 
     </span>
     <span class='ocr_line' id='line_1_13' title="bbox 175 1675 1219 1760; baseline 0.007 -22"><span class='ocrx_word' id='word_1_96' title='bbox 175 1686 211 1739; x_wconf 90' lang='lat' dir='ltr'><strong>et</strong></span> <span class='ocrx_word' id='word_1_97' title='bbox 227 1676 410 1739; x_wconf 84' lang='lat' dir='ltr'><strong>Fenestella</strong></span> <span class='ocrx_word' id='word_1_98' title='bbox 424 1677 510 1760; x_wconf 89' lang='lat' dir='ltr'><strong>apud</strong></span> <span class='ocrx_word' id='word_1_99' title='bbox 526 1675 623 1739; x_wconf 79' lang='lat' dir='ltr'><strong>Ceus.</strong></span> <span class='ocrx_word' id='word_1_100' title='bbox 641 1684 676 1738; x_wconf 90' lang='lat' dir='ltr'><strong>et</strong></span> <span class='ocrx_word' id='word_1_101' title='bbox 690 1696 708 1738; x_wconf 90' lang='lat' dir='ltr'><strong>e</strong></span> <span class='ocrx_word' id='word_1_102' title='bbox 724 1684 845 1739; x_wconf 85' lang='lat' dir='ltr'><strong>recent.</strong></span> <span class='ocrx_word' id='word_1_103' title='bbox 861 1675 980 1759; x_wconf 82' lang='lat' dir='ltr'><strong>Scalig.</strong></span> <span class='ocrx_word' id='word_1_104' title='bbox 996 1680 1123 1744; x_wconf 88' lang='lat' dir='ltr'><strong>emend.</strong></span> <span class='ocrx_word' id='word_1_105' title='bbox 1140 1689 1219 1745; x_wconf 89' lang='lat' dir='ltr'><strong>tem-</strong></span> 
     </span>
     <span class='ocr_line' id='line_1_14' title="bbox 175 1776 1222 1862; baseline 0.005 -20"><span class='ocrx_word' id='word_1_106' title='bbox 175 1799 246 1862; x_wconf 86' lang='lat' dir='ltr'><strong>por.</strong></span> <span class='ocrx_word' id='word_1_107' title='bbox 269 1776 301 1842; x_wconf 93' lang='lat' dir='ltr'><strong>ii.</strong></span> <span class='ocrx_word' id='word_1_108' title='bbox 325 1800 358 1861; x_wconf 91' lang='lat' dir='ltr'><strong>p.</strong></span> <span class='ocrx_word' id='word_1_109' title='bbox 380 1779 455 1842; x_wconf 78' lang='lat'><strong>17⁴2.</strong></span> <span class='ocrx_word' id='word_1_110' title='bbox 478 1778 622 1862; x_wconf 90' lang='lat' dir='ltr'><strong>ejusdem</strong></span> <span class='ocrx_word' id='word_1_111' title='bbox 649 1777 817 1841; x_wconf 82' lang='lat' dir='ltr'><strong>sententiae</strong></span> <span class='ocrx_word' id='word_1_112' title='bbox 842 1797 878 1840; x_wconf 87' lang='lat' dir='ltr'><strong>se</strong></span> <span class='ocrx_word' id='word_1_113' title='bbox 905 1788 1071 1861; x_wconf 87' lang='lat' dir='ltr'><strong>patronum</strong></span> <span class='ocrx_word' id='word_1_114' title='bbox 1094 1782 1222 1848; x_wconf 76' lang='lat' dir='ltr'><strong>obtulit.</strong></span> 
     </span>
     <span class='ocr_line' id='line_1_15' title="bbox 176 1878 1221 1964; baseline 0.004 -20"><span class='ocrx_word' id='word_1_115' title='bbox 176 1880 335 1944; x_wconf 87' lang='lat' dir='ltr'><strong>Eamdem</strong></span> <span class='ocrx_word' id='word_1_116' title='bbox 357 1882 426 1944; x_wconf 88' lang='lat' dir='ltr'><strong>sere</strong></span> <span class='ocrx_word' id='word_1_117' title='bbox 448 1880 543 1964; x_wconf 91' lang='lat' dir='ltr'><strong>paulo</strong></span> <span class='ocrx_word' id='word_1_118' title='bbox 565 1887 673 1942; x_wconf 87' lang='lat' dir='ltr'><strong>tamen</strong></span> <span class='ocrx_word' id='word_1_119' title='bbox 698 1878 894 1942; x_wconf 85' lang='lat' dir='ltr'><strong>immutatam</strong></span> <span class='ocrx_word' id='word_1_120' title='bbox 920 1881 1123 1963; x_wconf 79' lang='lat' dir='ltr'><strong>amplectitur</strong></span> <span class='ocrx_word' id='word_1_121' title='bbox 1144 1882 1221 1949; x_wconf 90' lang='lat' dir='ltr'><strong>Plu-</strong></span> 
     </span>
     <span class='ocr_line' id='line_1_16' title="bbox 177 1979 1220 2062; baseline 0.003 -15"><span class='ocrx_word' id='word_1_122' title='bbox 177 1982 277 2047; x_wconf 88' lang='lat' dir='ltr'><strong>tarch.</strong></span> <span class='ocrx_word' id='word_1_123' title='bbox 297 1982 433 2062; x_wconf 87' lang='lat' dir='ltr'><strong>(Numa,</strong></span> <span class='ocrx_word' id='word_1_124' title='bbox 450 1981 539 2045; x_wconf 82' lang='lat' dir='ltr'><strong>xviii.</strong></span> <span class='ocrx_word' id='word_1_125' title='bbox 560 1979 660 2045; x_wconf 76' lang='lat' dir='ltr'><strong>secl</strong></span> <span class='ocrx_word' id='word_1_126' title='bbox 682 1989 717 2050; x_wconf 86' lang='lat' dir='ltr'><strong>et</strong></span> <span class='ocrx_word' id='word_1_127' title='bbox 738 1981 784 2054; x_wconf 80' lang='lat'><strong>2.)</strong></span> <span class='ocrx_word' id='word_1_128' title='bbox 806 1981 976 2044; x_wconf 90' lang='lat' dir='ltr'><strong>duodecim</strong></span> <span class='ocrx_word' id='word_1_129' title='bbox 994 2004 1120 2050; x_wconf 90' lang='lat' dir='ltr'><strong>menses</strong></span> <span class='ocrx_word' id='word_1_130' title='bbox 1137 1987 1220 2050; x_wconf 90' lang='lat' dir='ltr'><strong>acci-</strong></span> 
     </span>
     <span class='ocr_line' id='line_1_17' title="bbox 176 2080 1221 2169; baseline 0.006 -22"><span class='ocrx_word' id='word_1_131' title='bbox 176 2085 281 2168; x_wconf 87' lang='lat' dir='ltr'><strong>piens,</strong></span> <span class='ocrx_word' id='word_1_132' title='bbox 297 2106 431 2169; x_wconf 88' lang='lat' dir='ltr'><strong>quorum</strong></span> <span class='ocrx_word' id='word_1_133' title='bbox 447 2085 581 2169; x_wconf 90' lang='lat' dir='ltr'><strong>primum</strong></span> <span class='ocrx_word' id='word_1_134' title='bbox 596 2083 700 2147; x_wconf 91' lang='lat' dir='ltr'><strong>locum</strong></span> <span class='ocrx_word' id='word_1_135' title='bbox 717 2080 863 2158; x_wconf 89' lang='lat' dir='ltr'><strong>Martius,</strong></span> <span class='ocrx_word' id='word_1_136' title='bbox 880 2085 1082 2151; x_wconf 87' lang='lat' dir='ltr'><strong>undecimum</strong></span> <span class='ocrx_word' id='word_1_137' title='bbox 1097 2099 1131 2150; x_wconf 88' lang='lat' dir='ltr'><strong>et</strong></span> <span class='ocrx_word' id='word_1_138' title='bbox 1143 2087 1221 2153; x_wconf 90' lang='lat' dir='ltr'><strong>duc·</strong></span> 
     </span>
     <span class='ocr_line' id='line_1_18' title="bbox 178 2185 1221 2270; baseline 0.005 -19"><span class='ocrx_word' id='word_1_139' title='bbox 178 2188 338 2251; x_wconf 88' lang='lat' dir='ltr'><strong>decimum</strong></span> <span class='ocrx_word' id='word_1_140' title='bbox 354 2187 526 2252; x_wconf 85' lang='lat' dir='ltr'><strong>Januarius</strong></span> <span class='ocrx_word' id='word_1_141' title='bbox 546 2194 581 2249; x_wconf 90' lang='lat' dir='ltr'><strong>et</strong></span> <span class='ocrx_word' id='word_1_142' title='bbox 598 2185 792 2250; x_wconf 88' lang='lat' dir='ltr'><strong>Februarius</strong></span> <span class='ocrx_word' id='word_1_143' title='bbox 813 2197 1026 2270; x_wconf 87' lang='lat' dir='ltr'><strong>occuparent;</strong></span> <span class='ocrx_word' id='word_1_144' title='bbox 1048 2189 1093 2253; x_wconf 85' lang='lat' dir='ltr'><strong>ita</strong></span> <span class='ocrx_word' id='word_1_145' title='bbox 1115 2198 1221 2256; x_wconf 88' lang='lat' dir='ltr'><strong>tamen</strong></span> 
     </span>
     <span class='ocr_line' id='line_1_19' title="bbox 177 2289 1221 2375; baseline 0.006 -22"><span class='ocrx_word' id='word_1_146' title='bbox 177 2292 285 2373; x_wconf 85' lang='lat' dir='ltr'><strong>quoad</strong></span> <span class='ocrx_word' id='word_1_147' title='bbox 305 2290 428 2358; x_wconf 83' lang='lat' dir='ltr'><strong>dierum</strong></span> <span class='ocrx_word' id='word_1_148' title='bbox 450 2289 593 2354; x_wconf 91' lang='lat' dir='ltr'><strong>ordinem</strong></span> <span class='ocrx_word' id='word_1_149' title='bbox 613 2289 792 2373; x_wconf 91' lang='lat' dir='ltr'><strong>dispositos,</strong></span> <span class='ocrx_word' id='word_1_150' title='bbox 810 2297 847 2352; x_wconf 92' lang='lat' dir='ltr'><strong>ut</strong></span> <span class='ocrx_word' id='word_1_151' title='bbox 860 2290 920 2352; x_wconf 87' lang='lat' dir='ltr'><strong>sibi</strong></span> <span class='ocrx_word' id='word_1_152' title='bbox 933 2291 1070 2375; x_wconf 89' lang='lat' dir='ltr'><strong>impares</strong></span> <span class='ocrx_word' id='word_1_153' title='bbox 1086 2293 1165 2357; x_wconf 90' lang='lat' dir='ltr'><strong>alius</strong></span> <span class='ocrx_word' id='word_1_154' title='bbox 1180 2316 1221 2360; x_wconf 92' lang='lat' dir='ltr'><strong>ne</strong></span> 
     </span>
     <span class='ocr_line' id='line_1_20' title="bbox 178 2391 1223 2475; baseline 0.005 -19"><span class='ocrx_word' id='word_1_155' title='bbox 178 2392 309 2456; x_wconf 88' lang='lat' dir='ltr'><strong>vicenos</strong></span> <span class='ocrx_word' id='word_1_156' title='bbox 327 2393 468 2475; x_wconf 88' lang='lat' dir='ltr'><strong>quidem,</strong></span> <span class='ocrx_word' id='word_1_157' title='bbox 484 2391 563 2455; x_wconf 93' lang='lat' dir='ltr'><strong>alius</strong></span> <span class='ocrx_word' id='word_1_158' title='bbox 584 2391 666 2455; x_wconf 87' lang='lat' dir='ltr'><strong>ultra</strong></span> <span class='ocrx_word' id='word_1_159' title='bbox 687 2391 816 2473; x_wconf 81' lang='lat' dir='ltr'><strong>triginta</strong></span> <span class='ocrx_word' id='word_1_160' title='bbox 835 2399 972 2475; x_wconf 88' lang='lat' dir='ltr'><strong>quatuor</strong></span> <span class='ocrx_word' id='word_1_161' title='bbox 986 2394 1056 2458; x_wconf 91' lang='lat' dir='ltr'><strong>dies</strong></span> <span class='ocrx_word' id='word_1_162' title='bbox 1071 2394 1223 2475; x_wconf 64' lang='lat' dir='ltr'><strong>biberen</strong></span> 
     </span>
     <span class='ocr_line' id='line_1_21' title="bbox 179 2493 1222 2577; baseline 0.008 -21"><span class='ocrx_word' id='word_1_163' title='bbox 179 2494 213 2556; x_wconf 94' lang='lat' dir='ltr'><strong>in</strong></span> <span class='ocrx_word' id='word_1_164' title='bbox 236 2516 300 2577; x_wconf 91' lang='lat' dir='ltr'><strong>quo</strong></span> <span class='ocrx_word' id='word_1_165' title='bbox 324 2495 434 2557; x_wconf 89' lang='lat' dir='ltr'><strong>ordine</strong></span> <span class='ocrx_word' id='word_1_166' title='bbox 458 2493 518 2557; x_wconf 89' lang='lat' dir='ltr'><strong>hoc</strong></span> <span class='ocrx_word' id='word_1_167' title='bbox 539 2515 636 2558; x_wconf 87' lang='lat' dir='ltr'><strong>uuum</strong></span> <span class='ocrx_word' id='word_1_168' title='bbox 659 2502 867 2577; x_wconf 86' lang='lat' dir='ltr'><strong>spectaretur,</strong></span> <span class='ocrx_word' id='word_1_169' title='bbox 890 2504 925 2560; x_wconf 87' lang='lat' dir='ltr'><strong>ut</strong></span> <span class='ocrx_word' id='word_1_170' title='bbox 945 2517 1046 2562; x_wconf 85' lang='lat' dir='ltr'><strong>annus</strong></span> <span class='ocrx_word' id='word_1_171' title='bbox 1067 2498 1132 2562; x_wconf 81' lang='lat'><strong>360</strong></span> <span class='ocrx_word' id='word_1_172' title='bbox 1155 2500 1222 2565; x_wconf 91' lang='lat' dir='ltr'><strong>die·</strong></span> 
     </span>
     <span class='ocr_line' id='line_1_22' title="bbox 177 2594 1222 2685; baseline 0.009 -27"><span class='ocrx_word' id='word_1_173' title='bbox 177 2617 250 2659; x_wconf 89' lang='lat' dir='ltr'><strong>rum</strong></span> <span class='ocrx_word' id='word_1_174' title='bbox 273 2596 437 2659; x_wconf 84' lang='lat' dir='ltr'><strong>existeret.</strong></span> <span class='ocrx_word' id='word_1_175' title='bbox 484 2595 550 2660; x_wconf 91' lang='lat' dir='ltr'><strong>Sed</strong></span> <span class='ocrx_word' id='word_1_176' title='bbox 575 2595 633 2658; x_wconf 91' lang='lat' dir='ltr'><strong>hac</strong></span> <span class='ocrx_word' id='word_1_177' title='bbox 657 2594 754 2658; x_wconf 89' lang='lat' dir='ltr'><strong>etiam</strong></span> <span class='ocrx_word' id='word_1_178' title='bbox 776 2595 899 2660; x_wconf 90' lang='lat' dir='ltr'><strong>ratione</strong></span> <span class='ocrx_word' id='word_1_179' title='bbox 922 2608 1071 2664; x_wconf 84' lang='lat' dir='ltr'><strong>constans</strong></span> <span class='ocrx_word' id='word_1_180' title='bbox 1089 2599 1222 2685; x_wconf 71' lang='lat' dir='ltr'><strong>reliquae</strong></span> 
     </span>
     <span class='ocr_line' id='line_1_23' title="bbox 179 2696 1222 2783; baseline 0.01 -24"><span class='ocrx_word' id='word_1_181' title='bbox 179 2697 378 2780; x_wconf 86' lang='lat' dir='ltr'><strong>antiquitatis</strong></span> <span class='ocrx_word' id='word_1_182' title='bbox 413 2697 498 2759; x_wconf 87' lang='lat' dir='ltr'><strong>fama</strong></span> <span class='ocrx_word' id='word_1_183' title='bbox 532 2696 714 2779; x_wconf 80' lang='lat' dir='ltr'><strong>negligitur,</strong></span> <span class='ocrx_word' id='word_1_184' title='bbox 745 2707 780 2760; x_wconf 92' lang='lat' dir='ltr'><strong>et</strong></span> <span class='ocrx_word' id='word_1_185' title='bbox 808 2699 868 2762; x_wconf 83' lang='lat' dir='ltr'><strong>viae</strong></span> <span class='ocrx_word' id='word_1_186' title='bbox 903 2703 1086 2783; x_wconf 81' lang='lat' dir='ltr'><strong>quaerendae</strong></span> <span class='ocrx_word' id='word_1_187' title='bbox 1120 2713 1222 2779; x_wconf 91' lang='lat' dir='ltr'><strong>erant,</strong></span> 
     </span>
     <span class='ocr_line' id='line_1_24' title="bbox 179 2798 1225 2889; baseline 0.009 -27"><span class='ocrx_word' id='word_1_188' title='bbox 179 2799 342 2884; x_wconf 87' lang='lat' dir='ltr'><strong>quomodo</strong></span> <span class='ocrx_word' id='word_1_189' title='bbox 371 2798 484 2862; x_wconf 88' lang='lat' dir='ltr'><strong>decem</strong></span> <span class='ocrx_word' id='word_1_190' title='bbox 512 2819 639 2862; x_wconf 88' lang='lat' dir='ltr'><strong>menses</strong></span> <span class='ocrx_word' id='word_1_191' title='bbox 666 2799 699 2862; x_wconf 91' lang='lat' dir='ltr'><strong>in</strong></span> <span class='ocrx_word' id='word_1_192' title='bbox 724 2820 807 2863; x_wconf 89' lang='lat' dir='ltr'><strong>anno</strong></span> <span class='ocrx_word' id='word_1_193' title='bbox 831 2799 926 2884; x_wconf 90' lang='lat' dir='ltr'><strong>pleno</strong></span> <span class='ocrx_word' id='word_1_194' title='bbox 952 2803 1045 2866; x_wconf 86' lang='lat' dir='ltr'><strong>solari</strong></span> <span class='ocrx_word' id='word_1_195' title='bbox 1069 2806 1225 2889; x_wconf 84' lang='lat' dir='ltr'><strong>explicari</strong></span> 
     </span>
     <span class='ocr_line' id='line_1_25' title="bbox 180 2910 1093 2985; baseline 0.001 -21"><span class='ocrx_word' id='word_1_196' title='bbox 180 2910 325 2985; x_wconf 74' lang='lat' dir='ltr'><strong>possein.</strong></span> <span class='ocrx_word' id='word_1_197' title='bbox 1091 2946 1093 2948; x_wconf 28' lang='grc' dir='ltr'>ψ</span> 
     </span>
     <span class='ocr_line' id='line_1_26' title="bbox 226 3001 1226 3090; baseline 0.006 -24"><span class='ocrx_word' id='word_1_198' title='bbox 226 3002 298 3066; x_wconf 90' lang='lat' dir='ltr'><strong>lIL</strong></span> <span class='ocrx_word' id='word_1_199' title='bbox 318 3001 354 3066; x_wconf 83' lang='lat' dir='ltr'><strong>-A</strong></span> <span class='ocrx_word' id='word_1_200' title='bbox 368 3001 541 3066; x_wconf 87' lang='lat' dir='ltr'><strong>Plutarcho</strong></span> <span class='ocrx_word' id='word_1_201' title='bbox 555 3002 653 3087; x_wconf 76' lang='lat' dir='ltr'><strong>igitur</strong></span> <span class='ocrx_word' id='word_1_202' title='bbox 666 3003 781 3066; x_wconf 87' lang='lat' dir='ltr'><strong>ductus</strong></span> <span class='ocrx_word' id='word_1_203' title='bbox 796 3001 950 3068; x_wconf 86' lang='lat' dir='ltr'><strong>Petavius</strong></span> <span class='ocrx_word' id='word_1_204' title='bbox 971 3026 1087 3069; x_wconf 88' lang='lat' dir='ltr'><strong>annum</strong></span> <span class='ocrx_word' id='word_1_205' title='bbox 1108 3008 1226 3090; x_wconf 85' lang='lat' dir='ltr'><strong>accipit</strong></span> 
     </span>
     <span class='ocr_line' id='line_1_27' title="bbox 180 3104 1225 3186; baseline 0.004 -17"><span class='ocrx_word' id='word_1_206' title='bbox 180 3104 345 3169; x_wconf 88' lang='lat' dir='ltr'><strong>mensibus</strong></span> <span class='ocrx_word' id='word_1_207' title='bbox 367 3104 539 3186; x_wconf 85' lang='lat' dir='ltr'><strong>imparibus</strong></span> <span class='ocrx_word' id='word_1_208' title='bbox 560 3104 756 3179; x_wconf 86' lang='lat' dir='ltr'><strong>distinctum,</strong></span> <span class='ocrx_word' id='word_1_209' title='bbox 776 3105 833 3167; x_wconf 85' lang='lat' dir='ltr'><strong>sed</strong></span> <span class='ocrx_word' id='word_1_210' title='bbox 855 3105 969 3169; x_wconf 89' lang='lat' dir='ltr'><strong>decem</strong></span> <span class='ocrx_word' id='word_1_211' title='bbox 994 3109 1225 3184; x_wconf 87' lang='lat' dir='ltr'><strong>tantummodo,</strong></span> 
     </span>
     <span class='ocr_line' id='line_1_28' title="bbox 181 3205 1226 3292; baseline 0.003 -20"><span class='ocrx_word' id='word_1_212' title='bbox 181 3208 289 3272; x_wconf 78' lang='lat' dir='ltr'><strong>itaut</strong></span> <span class='ocrx_word' id='word_1_213' title='bbox 309 3205 398 3271; x_wconf 83' lang='lat' dir='ltr'><strong>modo</strong></span> <span class='ocrx_word' id='word_1_214' title='bbox 416 3206 581 3292; x_wconf 71' lang='lat' dir='ltr'><strong>turpiores,</strong></span> <span class='ocrx_word' id='word_1_215' title='bbox 597 3205 685 3270; x_wconf 77' lang='lat' dir='ltr'><strong>modo</strong></span> <span class='ocrx_word' id='word_1_216' title='bbox 704 3206 870 3280; x_wconf 79' lang='lat' dir='ltr'><strong>breuiores,</strong></span> <span class='ocrx_word' id='word_1_217' title='bbox 886 3215 991 3272; x_wconf 90' lang='lat' dir='ltr'><strong>tamen</strong></span> <span class='ocrx_word' id='word_1_218' title='bbox 1009 3208 1130 3292; x_wconf 90' lang='lat' dir='ltr'><strong>justum</strong></span> <span class='ocrx_word' id='word_1_219' title='bbox 1151 3211 1226 3275; x_wconf 89' lang='lat' dir='ltr'><strong>anni</strong></span> 
     </span>
     <span class='ocr_line' id='line_1_29' title="bbox 183 3307 1225 3392; baseline 0.003 -17"><span class='ocrx_word' id='word_1_220' title='bbox 183 3308 321 3392; x_wconf 82' lang='lat' dir='ltr'><strong>epatium</strong></span> <span class='ocrx_word' id='word_1_221' title='bbox 343 3308 534 3392; x_wconf 86' lang='lat' dir='ltr'><strong>implerent;</strong></span> <span class='ocrx_word' id='word_1_222' title='bbox 564 3317 599 3371; x_wconf 89' lang='lat' dir='ltr'><strong>et</strong></span> <span class='ocrx_word' id='word_1_223' title='bbox 619 3308 688 3371; x_wconf 86' lang='lat' dir='ltr'><strong>fera</strong></span> <span class='ocrx_word' id='word_1_224' title='bbox 710 3307 853 3372; x_wconf 90' lang='lat' dir='ltr'><strong>similiter</strong></span> <span class='ocrx_word' id='word_1_225' title='bbox 873 3307 971 3372; x_wconf 89' lang='lat' dir='ltr'><strong>illust.</strong></span> <span class='ocrx_word' id='word_1_226' title='bbox 992 3309 1142 3375; x_wconf 82' lang='lat' dir='ltr'><strong>Bredow.</strong></span> <span class='ocrx_word' id='word_1_227' title='bbox 1164 3312 1225 3378; x_wconf 91' lang='lat' dir='ltr'><strong>loc.</strong></span> 
     </span>
     <span class='ocr_line' id='line_1_30' title="bbox 182 3409 1225 3493; baseline 0.005 -20"><span class='ocrx_word' id='word_1_228' title='bbox 182 3411 239 3474; x_wconf 87' lang='lat' dir='ltr'><strong>cit.</strong></span> <span class='ocrx_word' id='word_1_229' title='bbox 254 3410 353 3474; x_wconf 88' lang='lat' dir='ltr'><strong>sentit</strong></span> <span class='ocrx_word' id='word_1_230' title='bbox 367 3431 534 3474; x_wconf 87' lang='lat' dir='ltr'><strong>numerum</strong></span> <span class='ocrx_word' id='word_1_231' title='bbox 555 3411 684 3486; x_wconf 88' lang='lat' dir='ltr'><strong>denum,</strong></span> <span class='ocrx_word' id='word_1_232' title='bbox 700 3419 852 3493; x_wconf 90' lang='lat' dir='ltr'><strong>tauquam</strong></span> <span class='ocrx_word' id='word_1_233' title='bbox 869 3409 1023 3474; x_wconf 89' lang='lat' dir='ltr'><strong>Romanis</strong></span> <span class='ocrx_word' id='word_1_234' title='bbox 1036 3421 1071 3475; x_wconf 92' lang='lat' dir='ltr'><strong>et</strong></span> <span class='ocrx_word' id='word_1_235' title='bbox 1085 3413 1160 3476; x_wconf 85' lang='lat' dir='ltr'><strong>alibi</strong></span> <span class='ocrx_word' id='word_1_236' title='bbox 1174 3437 1225 3478; x_wconf 85' lang='lat' dir='ltr'><strong>so·</strong></span> 
     </span>
     <span class='ocr_line' id='line_1_31' title="bbox 184 3512 1225 3601; baseline 0.003 -24"><span class='ocrx_word' id='word_1_237' title='bbox 184 3514 333 3587; x_wconf 85' lang='lat' dir='ltr'><strong>lemnam,</strong></span> <span class='ocrx_word' id='word_1_238' title='bbox 348 3514 390 3576; x_wconf 92' lang='lat' dir='ltr'><strong>ad</strong></span> <span class='ocrx_word' id='word_1_239' title='bbox 404 3512 485 3601; x_wconf 88' lang='lat' dir='ltr'><strong>bane</strong></span> <span class='ocrx_word' id='word_1_240' title='bbox 501 3513 574 3577; x_wconf 90' lang='lat' dir='ltr'><strong>anni</strong></span> <span class='ocrx_word' id='word_1_241' title='bbox 588 3513 775 3577; x_wconf 85' lang='lat' dir='ltr'><strong>divisionem</strong></span> <span class='ocrx_word' id='word_1_242' title='bbox 794 3513 826 3575; x_wconf 91' lang='lat' dir='ltr'><strong>in</strong></span> <span class='ocrx_word' id='word_1_243' title='bbox 843 3513 956 3576; x_wconf 87' lang='lat' dir='ltr'><strong>decem</strong></span> <span class='ocrx_word' id='word_1_244' title='bbox 973 3523 1090 3597; x_wconf 87' lang='lat' dir='ltr'><strong>partes,</strong></span> <span class='ocrx_word' id='word_1_245' title='bbox 1107 3515 1225 3582; x_wconf 87' lang='lat' dir='ltr'><strong>aluuue</strong></span> 
     </span>
     <span class='ocr_line' id='line_1_32' title="bbox 182 3614 1228 3700; baseline 0.002 -21"><span class='ocrx_word' id='word_1_246' title='bbox 182 3623 274 3679; x_wconf 86' lang='lat' dir='ltr'><strong>mutu</strong></span> <span class='ocrx_word' id='word_1_247' title='bbox 287 3614 418 3688; x_wconf 86' lang='lat' dir='ltr'><strong>alienas,</strong></span> <span class='ocrx_word' id='word_1_248' title='bbox 432 3614 489 3678; x_wconf 82' lang='lat' dir='ltr'><strong>sed</strong></span> <span class='ocrx_word' id='word_1_249' title='bbox 499 3615 574 3700; x_wconf 84' lang='lat' dir='ltr'><strong>sere</strong></span> <span class='ocrx_word' id='word_1_250' title='bbox 592 3637 758 3700; x_wconf 80' lang='lat' dir='ltr'><strong>suppares,</strong></span> <span class='ocrx_word' id='word_1_251' title='bbox 772 3614 948 3689; x_wconf 85' lang='lat' dir='ltr'><strong>adhibitum</strong></span> <span class='ocrx_word' id='word_1_252' title='bbox 967 3632 1050 3679; x_wconf 77' lang='lat' dir='ltr'><strong>esse.</strong></span> <span class='ocrx_word' id='word_1_253' title='bbox 1094 3617 1228 3688; x_wconf 81' lang='lat' dir='ltr'><strong>Laudat</strong></span> 
     </span>
     <span class='ocr_line' id='line_1_33' title="bbox 183 3714 1227 3801; baseline 0.008 -23"><span class='ocrx_word' id='word_1_254' title='bbox 183 3714 245 3778; x_wconf 88' lang='lat' dir='ltr'><strong>Vir</strong></span> <span class='ocrx_word' id='word_1_255' title='bbox 260 3715 311 3780; x_wconf 89' lang='lat' dir='ltr'><strong>Cl.</strong></span> <span class='ocrx_word' id='word_1_256' title='bbox 327 3716 405 3779; x_wconf 89' lang='lat' dir='ltr'><strong>alios</strong></span> <span class='ocrx_word' id='word_1_257' title='bbox 425 3717 521 3781; x_wconf 89' lang='lat' dir='ltr'><strong>etiam</strong></span> <span class='ocrx_word' id='word_1_258' title='bbox 541 3718 675 3801; x_wconf 91' lang='lat' dir='ltr'><strong>populos</strong></span> <span class='ocrx_word' id='word_1_259' title='bbox 692 3718 816 3801; x_wconf 84' lang='lat' dir='ltr'><strong>(confer</strong></span> <span class='ocrx_word' id='word_1_260' title='bbox 837 3718 933 3781; x_wconf 89' lang='lat' dir='ltr'><strong>etiam</strong></span> <span class='ocrx_word' id='word_1_261' title='bbox 949 3718 1086 3782; x_wconf 89' lang='lat' dir='ltr'><strong>Putean.</strong></span> <span class='ocrx_word' id='word_1_262' title='bbox 1102 3720 1144 3784; x_wconf 89' lang='lat' dir='ltr'><strong>de</strong></span> <span class='ocrx_word' id='word_1_263' title='bbox 1165 3722 1227 3787; x_wconf 92' lang='lat' dir='ltr'><strong>bis-</strong></span> 
     </span>
     <span class='ocr_line' id='line_1_34' title="bbox 183 3816 1227 3905; baseline 0.007 -25"><span class='ocrx_word' id='word_1_264' title='bbox 183 3826 277 3880; x_wconf 84' lang='lat' dir='ltr'><strong>sexto</strong></span> <span class='ocrx_word' id='word_1_265' title='bbox 293 3816 401 3882; x_wconf 79' lang='lat' dir='ltr'><strong>Graec.</strong></span> <span class='ocrx_word' id='word_1_266' title='bbox 416 3818 513 3882; x_wconf 85' lang='lat' dir='ltr'><strong>Thes.</strong></span> <span class='ocrx_word' id='word_1_267' title='bbox 529 3819 593 3882; x_wconf 90' lang='lat' dir='ltr'><strong>viii.</strong></span> <span class='ocrx_word' id='word_1_268' title='bbox 606 3820 696 3900; x_wconf 78' lang='lat'><strong>457.)</strong></span> <span class='ocrx_word' id='word_1_269' title='bbox 711 3820 766 3903; x_wconf 91' lang='lat' dir='ltr'><strong>qui</strong></span> <span class='ocrx_word' id='word_1_270' title='bbox 786 3841 903 3882; x_wconf 91' lang='lat' dir='ltr'><strong>annum</strong></span> <span class='ocrx_word' id='word_1_271' title='bbox 923 3820 1057 3883; x_wconf 87' lang='lat' dir='ltr'><strong>solarem</strong></span> <span class='ocrx_word' id='word_1_272' title='bbox 1071 3821 1102 3884; x_wconf 93' lang='lat' dir='ltr'><strong>in</strong></span> <span class='ocrx_word' id='word_1_273' title='bbox 1120 3833 1227 3905; x_wconf 90' lang='lat' dir='ltr'><strong>partes</strong></span> 
     </span>
     <span class='ocr_line' id='line_1_35' title="bbox 183 3919 1228 4012; baseline 0.006 -30"><span class='ocrx_word' id='word_1_274' title='bbox 183 3920 279 3983; x_wconf 89' lang='lat' dir='ltr'><strong>modo</strong></span> <span class='ocrx_word' id='word_1_275' title='bbox 303 3919 421 4003; x_wconf 88' lang='lat' dir='ltr'><strong>plures,</strong></span> <span class='ocrx_word' id='word_1_276' title='bbox 438 3922 533 3984; x_wconf 90' lang='lat' dir='ltr'><strong>modo</strong></span> <span class='ocrx_word' id='word_1_277' title='bbox 554 3922 731 4005; x_wconf 86' lang='lat' dir='ltr'><strong>pauciores,</strong></span> <span class='ocrx_word' id='word_1_278' title='bbox 745 3922 845 3986; x_wconf 90' lang='lat' dir='ltr'><strong>libere</strong></span> <span class='ocrx_word' id='word_1_279' title='bbox 866 3931 973 3986; x_wconf 66' lang='lat' dir='ltr'><strong>umen</strong></span> <span class='ocrx_word' id='word_1_280' title='bbox 991 3943 1011 3987; x_wconf 86' lang='lat' dir='ltr'><strong>a</strong></span> <span class='ocrx_word' id='word_1_281' title='bbox 1030 3923 1113 4012; x_wconf 70' lang='lat' dir='ltr'><strong>luna</strong></span> <span class='ocrx_word' id='word_1_282' title='bbox 1132 3946 1228 3989; x_wconf 88' lang='lat' dir='ltr'><strong>cursu</strong></span> 
     </span>
     <span class='ocr_line' id='line_1_36' title="bbox 183 4019 1230 4110; baseline 0.01 -28"><span class='ocrx_word' id='word_1_283' title='bbox 183 4019 369 4086; x_wconf 86' lang='lat' dir='ltr'><strong>distinctum</strong></span> <span class='ocrx_word' id='word_1_284' title='bbox 391 4021 557 4100; x_wconf 88' lang='lat' dir='ltr'><strong>haberent,</strong></span> <span class='ocrx_word' id='word_1_285' title='bbox 579 4045 611 4088; x_wconf 84' lang='lat' dir='ltr'><strong>v.</strong></span> <span class='ocrx_word' id='word_1_286' title='bbox 630 4046 658 4087; x_wconf 95' lang='lat' dir='ltr'><strong>c.</strong></span> <span class='ocrx_word' id='word_1_287' title='bbox 685 4023 885 4102; x_wconf 86' lang='lat' dir='ltr'><strong>Maxioancs,</strong></span> <span class='ocrx_word' id='word_1_288' title='bbox 910 4025 966 4110; x_wconf 88' lang='lat' dir='ltr'><strong>qui</strong></span> <span class='ocrx_word' id='word_1_289' title='bbox 988 4046 1106 4090; x_wconf 87' lang='lat' dir='ltr'><strong>annum</strong></span> <span class='ocrx_word' id='word_1_290' title='bbox 1128 4026 1163 4090; x_wconf 91' lang='lat' dir='ltr'><strong>in</strong></span> <span class='ocrx_word' id='word_1_291' title='bbox 1185 4027 1230 4092; x_wconf 84' lang='lat'><strong>18</strong></span> 
     </span>
    </p>
   </div>
   <div class='ocr_carea' id='block_1_3' title="bbox 178 4126 1229 4213">
    <p class='ocr_par' dir='ltr' id='par_1_3' title="bbox 178 4126 1229 4213">
     <span class='ocr_line' id='line_1_37' title="bbox 178 4126 1229 4213; baseline 0.004 -23"><span class='ocrx_word' id='word_1_292' title='bbox 178 4135 286 4207; x_wconf 88' lang='lat' dir='ltr'><strong>partes</strong></span> <span class='ocrx_word' id='word_1_293' title='bbox 307 4127 352 4189; x_wconf 91' lang='lat' dir='ltr'><strong>ita</strong></span> <span class='ocrx_word' id='word_1_294' title='bbox 372 4126 555 4204; x_wconf 85' lang='lat' dir='ltr'><strong>diviserant,</strong></span> <span class='ocrx_word' id='word_1_295' title='bbox 573 4137 609 4191; x_wconf 92' lang='lat' dir='ltr'><strong>ut</strong></span> <span class='ocrx_word' id='word_1_296' title='bbox 626 4128 747 4212; x_wconf 76' lang='lat' dir='ltr'><strong>quaeris</strong></span> <span class='ocrx_word' id='word_1_297' title='bbox 767 4150 841 4213; x_wconf 81' lang='lat' dir='ltr'><strong>pars</strong></span> <span class='ocrx_word' id='word_1_298' title='bbox 858 4129 985 4193; x_wconf 75' lang='lat' dir='ltr'><strong>abdias</strong></span> <span class='ocrx_word' id='word_1_299' title='bbox 1003 4128 1145 4203; x_wconf 79' lang='lat' dir='ltr'><strong>liaberet,</strong></span> <span class='ocrx_word' id='word_1_300' title='bbox 1159 4131 1183 4194; x_wconf 78' lang='lat'>5</span> <span class='ocrx_word' id='word_1_301' title='bbox 1195 4130 1229 4194; x_wconf 90' lang='lat' dir='ltr'><strong>in</strong></span> 
     </span>
    </p>
   </div>
   <div class='ocr_carea' id='block_1_4' title="bbox 0 0 1423 5018">
    <p class='ocr_par' dir='ltr' id='par_1_4' title="bbox 0 0 1423 5018">
     <span class='ocr_line' id='line_1_38' title="bbox 0 0 1423 5018; baseline 0 0"><span class='ocrx_word' id='word_1_302' title='bbox 0 0 1423 5018; x_wconf 95' lang='lat' dir='ltr'><strong> </strong></span> 
     </span>
    </p>
   </div>
  </div>
 </body>
</html>
