2806 5018
358 359 618 428 PASTORU‘M
641 359 733 427 LIB.
757 360 820 425 IV.
1045 365 1112 430 235

60 536 175 620 Quod
197 535 339 611 Remus
352 535 539 630 ignorans,
555 534 715 607 humiles
727 543 968 608 contemnere
982 559 1108 611 muros

112 651 260 748 Coepit;
290 662 341 735 et,
361 647 433 721 His
450 649 625 746 populus,
643 649 782 733 dicere,
800 659 903 721 tutus
921 649 1017 723 erit?

61 766 97 838 N
99 791 145 842 ec
164 790 279 852 mora,
298 763 506 839 transiluit:
526 776 629 836 rutro
649 765 762 837 Celer
779 775 941 863 occupat
958 790 1105 839 ausum.

110 880 182 954 Ille
201 881 337 978 premit
353 881 485 953 duram
504 881 813 976 sanguinolentus
831 881 1000 954 humum.

61 995 156 1069 Haec
175 996 240 1068 ubi
259 1021 325 1069 rex
343 996 487 1081 didicit,
508 996 693 1092 lacrymas
712 997 892 1068 introrsus
910 997 1061 1071 obortas

111 1111 291 1195 Devorat,
311 1123 349 1183 et
365 1113 535 1184 clausum
554 1122 706 1207 pectore
724 1111 858 1183 vulnus
876 1111 1002 1186 habet.
1033 1117 1105 1186 846

61 1225 170 1300 Flere
189 1227 312 1324 palam
330 1250 403 1299 non
421 1227 513 1312 vult,
533 1227 785 1323 exemplaque
804 1225 913 1300 sortia
930 1238 1079 1315 servat;

111 1342 255 1439 Sicque
276 1366 378 1415 meos
397 1364 522 1416 muros
540 1352 705 1415 transeat
722 1342 853 1426 hostis,
872 1342 936 1415 ait.

60 1458 139 1531 Dat
156 1469 282 1532 tamen
296 1460 521 1557 exsequias:
544 1482 613 1531 nec
628 1461 705 1554 jam
727 1457 958 1554 suspendere
976 1456 1107 1531 fletum

110 1574 282 1647 Sustinet
298 1600 306 1661 ;
337 1587 376 1647 et
394 1575 516 1673 pietas
533 1574 768 1647 dissimulata
785 1583 900 1670 patet.
1033 1578 1107 1647 850

60 1690 281 1787 Osculaque
300 1691 483 1788 applicuit
500 1692 622 1787 posito
640 1713 816 1786 suprema
834 1688 969 1760 feretro
985 1716 993 1770 ;

109 1805 239 1900 Atque
256 1804 328 1877 ait:
360 1805 482 1877 Invito
499 1806 612 1877 frater
630 1805 793 1888 ademto,
812 1804 907 1876 vale.

55 1919 298 2017 Arsurosque
317 1932 419 1993 artus
439 1921 546 1993 unxit
558 1950 567 2009 ;
597 1919 732 2004 secere,
752 1918 854 2015 quod
872 1918 947 2003 ille,

110 2034 314 2108 Faustulus
333 2047 372 2108 et
390 2048 542 2108 moestas
561 2037 665 2107 Acca
682 2035 804 2106 soluta
821 2056 961 2105 comas.

56 2149 156 2224 Tum
170 2151 348 2246 juvenem
366 2152 530 2224 nondum
548 2151 637 2223 lacti
656 2151 791 2222 flevere
811 2148 977 2232 Quirites
993 2177 1001 2235 ;
1031 2153 1104 2224 855

110 2265 256 2337 Ultima
269 2267 413 2364 plorato
432 2268 583 2340 subdita
600 2267 752 2338 flamma
768 2288 868 2360 rogo.

89 2562 149 2609 ⁸⁴5.
165 2559 244 2607 Etiam
262 2559 338 2614 Floro,
356 2559 378 2605 1.
394 2559 410 2606 i.
423 2562 449 2607 6.
465 2561 560 2607 dotium
609 2559 688 2607 dolore
697 2559 761 2606 intus
771 2556 915 2606 claudendo.
949 2557 1107 2622 Interstl·

56 2633 163 2689 videtur,
179 2651 209 2681 on
221 2636 292 2694 jruru
307 2633 393 2695 fratris
410 2633 504 2680 occisus
521 2634 560 2681 sit.
609 2632 670 2680 licus
686 2631 804 2679 aberravit
819 2647 832 2678 u
846 2640 924 2679 mente
939 2637 1023 2695 poeto,
1034 2648 1107 2695 quum

56 2705 135 2773 Apud
157 2706 249 2754 Livium
270 2714 352 2754 contre
370 2707 488 2754 Romulus
508 2706 559 2770 ipse
609 2705 738 2754 Romulum
753 2713 821 2769 putat
834 2705 969 2768 exemplum
986 2704 1046 2767 legis
1060 2721 1108 2754 ser·

55 2781 135 2830 iratus
154 2795 209 2828 eum
226 2779 345 2834 interficit,
366 2779 454 2826 additis
475 2779 559 2835 verbis,
610 2779 693 2826 vendre
706 2793 833 2842 proponere
844 2777 955 2825 voluisse.
989 2777 1053 2826 Doro
1066 2795 1108 2843 pre

56 2867 114 2917 qun
136 2851 246 2908 Ovidius,
271 2854 328 2900 848.
350 2852 467 2916 respexit:
496 2853 559 2900 “Sic
608 2852 697 2906 secere,
711 2867 801 2914 parare,
813 2849 942 2898 concedere
954 2851 1055 2913 ponitur.

56 2925 154 2982 deiude,
182 2927 327 2991 quicumque
354 2926 415 2973 nlius
445 2926 559 2974 transiliet
643 2927 698 2972 852.
719 2925 837 2976 Ademtus.
858 2923 899 2986 qui
919 2923 992 2972 invito
1013 2935 1109 2989 ereptus

56 3000 150 3049 meanis
159 3000 238 3048 mes.''
272 3000 358 3048 Noster
369 2999 392 3047 id
406 2999 489 3047 sedulo
501 3000 558 3062 agit,
609 3007 661 3056 est3
677 2998 710 3044 sic
724 2999 826 3044 odemtus
841 2996 927 3042 Hector
941 2997 1108 3052 Horatiusstl.

57 3083 85 3122 ut
101 3073 196 3122 fucinus
209 3072 270 3121 illud
289 3074 360 3126 velet,
380 3072 559 3135 Romulumque
610 3071 658 3118 Od.
668 3070 700 3117 iv.
714 3072 743 3117 10
751 3087 758 3127 ;
778 3078 803 3116 et
813 3072 915 3115 odomtos
925 3079 1005 3129 mystes
1016 3069 1064 3117 0d.
1075 3072 1108 3120 ix.

55 3161 74 3195 s
89 3145 314 3195 ferocisdelendat.
349 3147 403 3193 Non
420 3145 453 3192 ita
467 3146 559 3201 Cicero,
613 3145 651 3190 10.
686 3144 725 3191 De
739 3146 847 3190 unctione
860 3151 954 3188 ortuum
970 3141 1018 3189 vid.
1034 3143 1107 3192 Bent-

57 3220 109 3268 Off.
125 3219 160 3268 iii.
178 3222 218 3268 l0:
235 3220 357 3284 “Species
371 3220 434 3266 enim
451 3218 560 3266 utilitatis
610 3218 681 3264 leiutn
701 3216 730 3264 sd
747 3215 882 3269 Horatium,
899 3213 976 3277 Epud.
990 3215 1048 3262 xvii.
1068 3218 1106 3265 ll.

56 3291 165 3340 animm
183 3291 274 3359 pepulit
291 3293 358 3356 ejus;
377 3291 415 3340 cui
434 3307 507 3355 quum
526 3292 560 3338 ri-
615 3291 738 3338 Foustulor
755 3287 887 3336 secundum
904 3286 961 3335 alios
982 3287 1007 3336 iu
1031 3299 1107 3338 certa-

56 3382 111 3415 ssm
132 3375 195 3414 esset
213 3365 302 3420 utilius,
322 3365 398 3412 solutu
416 3380 488 3428 quarn
505 3381 559 3412 cum
609 3364 672 3411 mine
686 3362 765 3427 periit.
799 3361 1105 3424 Acoo‚laurentia,qusss

56 3439 132 3488 sltem
157 3453 265 3503 regnare,
292 3439 386 3487 fratrem
413 3438 558 3486 interemit.’'
611 3438 738 3487 Plutarcho
746 3440 805 3486 Acco
815 3438 926 3484 [orontio
934 3438 1109 3496 vocatur5vide

56 3513 122 3563 Cum
140 3527 195 3577 sqq.
210 3521 288 3560 sutem
306 3512 386 3559 confer
403 3529 428 3559 v.
445 3512 500 3559 tol.
519 3510 560 3558 ubi
611 3513 641 3559 od
659 3512 693 3559 iii.
712 3515 754 3560 55.
790 3511 898 3558 Noudmn
909 3511 974 3574 soon
996 3511 1107 3564 err'ritos.

56 3587 103 3635 hoe
114 3595 279 3650 argumentum
291 3585 448 3634 continuatur.
475 3584 561 3633 Verbis
610 3586 649 3633 Sic
664 3585 724 3633 solet
739 3584 842 3632 Ovidius
855 3600 892 3632 res
906 3593 947 3632 aut
961 3584 1109 3634 hominessb

58 3662 300 3723 lacrymas-devoror
322 3660 408 3706 Noster
432 3658 479 3705 vim
507 3672 560 3721 grs-
612 3660 648 3713 iis,
663 3675 717 3722 quse
730 3658 804 3706 serius
817 3669 954 3712 evenerunt,
970 3658 1109 3722 designem

58 3733 149 3782 sissimi
161 3732 249 3780 doloris
259 3732 331 3780 etiam
340 3733 401 3779 Met.
412 3732 445 3779 xi.
456 3730 561 3778 tresdo
612 3734 673 3779 Met.
684 3733 710 3779 ii.
723 3739 738 3758 ¹¹
749 3731 850 3779 noudum
863 3732 973 3795 OEagrius
983 3733 1108 3781 Homuo⁰

56 3807 163 3872 scripsit.
201 3807 303 3854 Moerore
313 3805 355 3854 illo
366 3814 433 3853 uetus
443 3805 562 3852 Romulus
615 3808 724 3854 Ultimum
733 3804 833 3853 laenzius
842 3805 946 3868 explicat
957 3806 1039 3853 ultimo
1050 3806 1109 3861 loco,

55 3881 214 3944 semetipsum
240 3879 404 3933 interfecisset,
434 3877 479 3925 nisi
505 3893 559 3925 eum
609 3879 943 3944 postreliquosexsequiarum
954 3878 1109 3936 ritus3imrno

56 3954 190 4005 humoris
201 3951 484 4019 precihusdeterruisset5
503 3951 560 3999 Dio·
609 3957 701 4008 ultimo,
719 3969 830 4013 suprerrro,
844 3968 893 4000 sero
908 3951 1027 4006 dicuntur,
1044 3966 1109 4014 quo·

56 4028 143 4094 nysius
169 4026 235 4075 dicto
262 4026 321 4075 loco.
356 4027 464 4087 menon
484 4027 562 4089 j'ortia
610 4027 817 4090 cumqueliuutin
832 4026 942 4074 bonorem
959 4023 1058 4083 mortui;
1075 4023 1109 4072 sic

54 4112 150 4159 matr
178 4100 286 4164 sequitur
306 4101 442 4164 exemplum
462 4099 561 4146 virorum
611 4102 862 4165 paulosuteropromo
872 4101 958 4148 osculo
989 4098 1110 4145 Humerus

56 4177 157 4225 fortium
175 4175 201 4221 in
218 4172 358 4222 devorandis
374 4172 483 4236 lacrymis
498 4181 522 4220 et
538 4171 561 4219 in
612 4184 690 4221 autern
700 4173 836 4222 Remusest
847 4173 872 4220 iu
883 4170 997 4220 Remuria
1007 4179 1093 4218 moute.
