2806 5018
172 360 238 425 372
570 353 830 420 EXCURSUS

175 553 280 616 posse,
297 530 505 595 vehementer
520 530 649 594 omnino
664 528 787 600 dubito,
801 535 835 590 et
850 547 948 610 quum
964 525 1028 589 alia
1043 522 1218 609 explicatio,
1261 522 1263 531 '

176 655 241 718 qua
256 633 400 697 citeriori
416 633 450 695 in
467 632 541 695 collo
555 634 744 715 jungantur,
759 640 877 714 praesto
899 628 958 704 sit;
982 628 1099 691 dubito
1120 648 1160 690 an
1175 625 1220 688 illo

175 756 316 818 unquam
329 735 454 797 admitti
470 735 580 816 possit.
612 733 778 796 Praeterea
794 732 931 796 Ovidius
946 731 1024 794 nihil
1040 730 1108 793 tale
1124 728 1219 800 babet,

176 845 210 899 et
224 837 330 921 potuit
347 837 415 901 baec
432 836 576 900 Fortuna
594 835 681 899 nude
697 834 843 899 Fortuna
858 833 995 897 Publica
1010 832 1134 897 vocari.
1175 827 1222 894 Ad

178 939 272 1003 Fari.
289 961 318 1002 v.
335 939 408 1003 739.

295 1091 360 1151 Nec
373 1101 403 1151 te
416 1101 593 1171 praeteream,
608 1088 707 1170 populi
723 1090 854 1149 Fortuna
866 1088 994 1168 potentis

374 1186 503 1256 Publica,
518 1187 564 1245 cni
578 1186 720 1265 templum
733 1185 799 1245 luce
811 1196 950 1263 sequente
964 1183 1080 1251 datum,

178 1345 232 1408 ubi
256 1344 465 1419 Kalendaria,
495 1354 562 1407 tum
587 1344 725 1407 Fortun.
747 1343 868 1429 public.
889 1343 968 1407 PR.
993 1342 1222 1415 incollatura

177 1447 315 1510 Fortun.
335 1448 433 1532 prim
458 1448 492 1509 in
516 1446 590 1509 colle
614 1447 737 1532 legunt,
754 1446 933 1509 luculenter
959 1467 1001 1508 ex
1032 1444 1137 1508 altero
1162 1443 1222 1507 loco

177 1550 307 1633 quidem
332 1557 465 1632 apparet
489 1549 569 1611 hanc
597 1557 703 1610 notam
726 1546 800 1611 PR.
823 1547 993 1631 legendam
1021 1550 1096 1610 e'sse
1115 1547 1222 1633 prini-

174 1651 296 1737 9eniaet
320 1651 377 1713 sed
395 1650 549 1713 Ovidium
566 1649 652 1713 idem
669 1650 855 1733 designasse
871 1649 930 1712 hac
945 1649 1222 1712 circumlocutione

172 1754 288 1840 populi
306 1754 459 1838 potentis,
481 1775 553 1816 cum
571 1753 730 1836 Fogginio
755 1751 832 1815 mihi
852 1752 1050 1835 persuadere
1073 1772 1137 1814 non
1160 1772 1223 1834 pos

178 1878 260 1931 sum,
278 1866 311 1919 et
332 1857 465 1919 credere
486 1857 569 1918 malo
590 1855 743 1919 Ovidium
765 1856 895 1918 easdem
918 1863 1009 1917 notas
1028 1853 1104 1917 PR„
1124 1855 1158 1917 in
1177 1852 1223 1916 lst-

178 1958 321 2022 lendario
337 1980 393 2021 suo
414 1968 558 2041 repertas
575 1956 691 2040 legisse
708 1957 830 2043 Populi
844 1956 992 2030 Romani,
1008 1965 1045 2018 et
1066 1957 1113 2019 ita
1126 1954 1224 2018 versui

178 2061 367 2124 intexuisse.

221 2163 329 2224 Taceo
351 2172 470 2226 caetera
490 2162 569 2236 loca,
591 2161 645 2224 ubi
662 2160 795 2224 Verrius
811 2160 910 2224 Ovid.
930 2160 1073 2243 supplet,
1090 2181 1123 2221 v.
1141 2181 1170 2223 c.
1190 2158 1225 2221 sd

182 2266 213 2328 d.
229 2265 273 2328 23
288 2266 378 2328 etssl
396 2266 491 2328 Mart.
509 2266 549 2327 ad
567 2265 585 2327 l
601 2263 812 2347 etataprit.
829 2274 864 2327 et
882 2263 959 2327 alios
981 2263 1064 2338 dies,
1080 2283 1181 2346 quum
1197 2267 1226 2323 ct

179 2366 262 2429 insra
278 2368 425 2449 quasdam
441 2368 472 2429 in
490 2365 666 2429 subsidium
682 2367 826 2428 vocanda
840 2366 913 2428 sint.

223 2468 439 2551 illiusquam
456 2469 606 2553 Fogginii
626 2468 706 2530 liber
731 2468 878 2531 laudatus
900 2475 1042 2551 praestat,
1065 2489 1144 2530 usus
1163 2487 1226 2530 cer·

181 2570 267 2633 nitur
292 2571 323 2633 in
352 2570 505 2634 fastorum
530 2583 687 2645 veterum,
710 2581 746 2633 ut
770 2592 927 2654 nusquam
951 2578 1050 2633 autea
1072 2571 1226 2642 exstabat,

181 2671 370 2736 collectione
388 2672 483 2755 plena
504 2682 537 2736 et
559 2674 693 2758 integra,
711 2697 806 2757 quam
828 2696 900 2737 cum
921 2673 1136 2737 illustratione
1157 2672 1226 2734 ube-

180 2777 274 2850 riore,
289 2778 515 2839 commentario
532 2778 563 2841 in
580 2778 731 2840 Verrium
746 2778 862 2840 adsuit.
902 2777 985 2855 Quae
1002 2775 1124 2839 tabulae
1137 2795 1226 2859 quum

180 2878 355 2941 arctissimo
372 2878 497 2941 vinculo
520 2901 592 2941 cum
616 2879 726 2942 Ovidii
747 2879 896 2951 carmine,
914 2878 999 2961 quod
1022 2878 1056 2940 in
1079 2879 1119 2939 iis
1139 2878 1227 2941 inter·

180 2981 344 3064 pretandis
372 2992 525 3056 versatur,
555 2982 747 3056 cohaereant,
775 3004 814 3044 eo
840 2981 941 3064 magis
968 2979 1147 3042 dolendum
1174 2988 1226 3048 est,

180 3085 360 3168 fragmenta
376 3107 485 3149 eorum
507 3108 582 3148 casu
605 3086 742 3168 quodam
759 3085 895 3167 ingrato,
912 3083 944 3145 in
967 3082 1128 3165 prioribus
1151 3102 1228 3143 men·

181 3186 278 3260 sibus,
301 3209 380 3270 quus
405 3188 502 3250 Ovid.
525 3188 687 3259 describit,
708 3209 775 3269 pree
801 3186 870 3248 aliis
892 3206 1005 3247 manca
1028 3206 1113 3256 esse,
1136 3203 1224 3268 quun

182 3289 344 3352 uberiores
373 3312 482 3352 eorum
514 3290 734 3352 adnotationes
764 3290 796 3350 in
826 3289 987 3351 mensibus
1017 3288 1172 3370 Augusto
1198 3294 1225 3346 et

182 3390 374 3474 Septembre
398 3401 575 3464 exstent,e
598 3392 714 3473 quibus
736 3391 902 3473 quasdam,
918 3390 1103 3472 speciminis
1126 3407 1222 3459 causa,

183 3514 225 3554 ex
247 3494 397 3577 Augusto
422 3517 532 3557 mense
558 3495 713 3577 descripsi
736 3494 822 3556 etin
846 3492 908 3554 fine
932 3492 1076 3575 adjunxi.
1126 3491 1220 3569 Quum

183 3603 288 3658 tamen
311 3620 372 3659 non
395 3619 466 3660 raro
490 3599 576 3661 etin
602 3597 756 3680 prioribus
780 3595 938 3658 laudanda
960 3602 1035 3655 sunt
1060 3594 1129 3657 haec
1150 3594 1220 3673 frag·

183 3706 292 3758 menta
312 3711 349 3759 ut
370 3708 404 3760 ut
425 3722 538 3782 pauca,
555 3701 719 3782 praecipua
740 3719 849 3760 corum
873 3697 931 3759 hoc
953 3696 1022 3758 loco
1047 3693 1221 3779 attingenda

184 3799 307 3880 putavi.
465 3866 470 3871 .

225 3899 269 3961 1⁰.
296 3899 435 3964 Kalend.
457 3903 684 3985 Maffoeiorum,
709 3903 753 3965 ita
779 3902 910 3974 dictum,
939 3900 1024 3983 quod
1052 3900 1083 3961 in
1112 3897 1218 3962 aedihus

183 4001 398 4065 Maffaeiorum
424 4005 559 4086 primum
586 4014 696 4087 patere
725 4006 844 4086 coepit;
870 4013 905 4065 ut
929 4002 1127 4085 perhibetur,
1151 4016 1219 4062 anno

181 4103 277 4166 1524.
294 4106 333 4167 ad
348 4127 492 4188 campum
512 4108 615 4171 Florae
630 4118 803 4188 repertum.
850 4105 923 4167 Prae
941 4104 1010 4167 aliis
1027 4106 1132 4167 minus
1146 4119 1217 4164 man
