2806 5018
360 360 415 425 IN
439 358 598 426 OVIDll
622 360 809 426 FASTOS.
1037 361 1105 431 863

154 531 353 596 tentariorum
382 541 528 596 auctores
555 544 782 599 recensentur:
811 534 912 599 Nisus
936 533 1096 613 (Macrob.

176 634 295 701 Badius
316 636 439 711 Macer,
468 637 623 703 Coralius
650 637 765 712 Labeo,
794 636 953 720 (Macrob.
980 636 1001 701 i.
1030 636 1100 713 16.)

154 737 200 800 ias
216 736 376 812 Gentinos,
396 738 500 813 Titus,
519 739 659 823 Anysius
679 747 714 803 et
729 738 916 822 Elpidianus
934 745 990 821 περὶ
1007 749 1101 816 μηνῶν,

154 848 219 919 petr
237 842 321 922 apud
342 840 478 924 Lydum,
494 841 602 905 Julius
622 842 804 912 Modestus,
824 840 949 924 Hygini
966 840 1098 903 libertus

155 987 164 1003 .
180 943 221 1005 dc
236 953 401 1027 grammat.
416 943 485 1019 20.)
501 944 541 1006 de
556 943 654 1017 feriis,
668 943 801 1009 Fulvius
819 943 966 1018 Flaccus,
980 941 1099 1005 Junius

154 1044 225 1108 rhus
249 1046 377 1130 aliique.
423 1045 528 1109 Nobis
554 1067 663 1110 omnes
689 1056 768 1109 aetas
793 1045 907 1108 invidit
928 1060 963 1109 et
980 1054 1100 1128 proeter

154 1146 172 1209 ii
187 1148 448 1213 commentarium
466 1149 627 1231 poeticum
644 1157 678 1211 et
694 1148 855 1212 breviores
873 1146 978 1210 Verrii
996 1155 1097 1219 notas,

154 1250 186 1313 si
203 1250 287 1334 Lydi
303 1260 337 1313 et
358 1249 513 1314 Macrobii
536 1250 689 1333 Festique
708 1261 862 1332 excerpta
879 1249 1023 1313 notitiam
1042 1248 1099 1311 ali·

154 1403 156 1412 ,
172 1353 325 1435 praebent.
351 1352 434 1432 Quae
449 1353 565 1436 passim
579 1375 620 1417 ex
638 1354 685 1416 his
700 1353 904 1436 scriptoribus
920 1353 1099 1426 laudantur,

154 1453 242 1528 dunt,
269 1476 323 1518 eos
348 1456 378 1519 iu
402 1455 548 1520 omnibus
572 1456 620 1529 iis,
647 1476 720 1538 quar
743 1476 839 1537 supra
859 1456 901 1519 ad
924 1454 981 1519 hos
1003 1454 1099 1517 libros

154 1576 235 1631 mus,
259 1557 443 1620 enarrandis
470 1566 503 1620 ct
528 1556 769 1639 investigandis,
794 1557 866 1640 plus
888 1557 1044 1630 minusve,
1066 1563 1102 1620 et

154 1659 187 1724 ris
209 1658 360 1734 historiae,
380 1660 578 1743 antiquitatis
601 1670 635 1723 et
657 1659 868 1743 chronologiae
890 1659 1100 1743 peritissimus

160 1773 300 1827 versatos
323 1786 405 1828 esse.
451 1763 551 1828 Haud
574 1765 705 1847 quidem
729 1764 803 1827 data
823 1784 921 1846 opera
941 1764 980 1826 ad
1000 1763 1101 1826 fastos

154 1867 277 1940 candos,
292 1868 349 1930 sed
367 1867 515 1930 universe
534 1866 575 1929 ad
595 1865 817 1949 antiquitatem
834 1864 1012 1928 Romanam
1030 1863 1101 1929 illu-

154 1968 221 2033 dam
237 1969 332 2032 etiam
355 1969 458 2034 Varro
475 1970 506 2033 in
526 1969 579 2033 lib.
595 1968 742 2052 antiquit.
760 1968 948 2042 divinarum,
970 1966 1102 2033 Verrius

154 2092 179 2135 ie
196 2072 309 2154 passim
325 2072 367 2134 de
382 2069 440 2135 hoc
457 2092 576 2155 genere
590 2071 622 2133 iu
638 2069 777 2153 antiquis
789 2069 886 2143 feriis,
899 2067 1102 2140 ceremoniis,

154 2195 172 2237 s
192 2172 387 2237 illustrandis
410 2182 510 2238 etex
533 2172 663 2237 historia
684 2172 883 2237 deducendis
907 2176 1101 2245 meruerant,

154 2296 182 2340 ιο
194 2276 370 2359 saepissime
382 2275 559 2360 Dionysius
572 2285 606 2338 et
619 2273 809 2340 Plutarchus
820 2273 937 2357 passim
951 2272 1033 2337 hunc
1047 2292 1103 2337 an·

154 2387 239 2442 atem
254 2379 449 2442 illustrantes
465 2378 650 2460 respiciunt.
690 2376 797 2441 Etiam
813 2376 846 2439 in
862 2373 1102 2456 Quaestionibus

154 2480 229 2554 anis,
240 2502 312 2563 quoe
325 2480 357 2542 id
371 2501 472 2562 genus
484 2479 585 2542 multa
597 2477 760 2552 exhibent,
772 2476 963 2542 Plutarchus
972 2477 1103 2541 easdem

154 2603 189 2645 us
210 2603 282 2644 cum
301 2581 419 2644 Ouidio
439 2580 606 2665 proferens
625 2580 811 2655 sententias,
833 2580 964 2643 eosdem
984 2580 1101 2652 fontes,

164 2690 199 2746 et
215 2682 370 2767 fastorum
392 2681 635 2746 commentarios
656 2682 696 2745 ob
717 2681 825 2745 oculos
848 2679 995 2744 hahuisse
1015 2680 1102 2745 ride·

168 2786 289 2848 Butam
313 2792 419 2846 autem
444 2783 544 2847 fuisse
567 2791 706 2865 poetam,
728 2783 855 2866 quires
878 2782 1041 2846 Romanas
1063 2782 1103 2844 ad

154 2907 173 2948 s
199 2907 271 2948 suas
297 2885 457 2949 fabulosas
484 2885 655 2948 referendo
681 2884 923 2971 incertumque
947 2892 1102 2966 tempore,

154 2988 200 3074 ine
220 2987 300 3051 hanc
321 2987 476 3051 Romanas
496 2985 695 3070 antiquitatis
716 2995 837 3069 partem
857 2984 1015 3048 illustrare
1035 3004 1103 3046 sus-

154 3099 203 3164 at,
216 3090 366 3152 discimus
381 3111 423 3152 ex
436 3088 524 3152 Plut.
535 3089 567 3152 iu
584 3088 737 3165 Romulo,
751 3109 823 3172 cap.
838 3087 899 3161 21;
922 3086 962 3148 cf.
979 3084 1103 3149 Arnob.

154 3225 166 3257 ι.
183 3193 251 3257 init.
269 3201 303 3255 et
317 3191 469 3276 praeclare
490 3190 547 3253 hoc
564 3211 692 3254 carmen
707 3190 837 3254 carmini
854 3188 1013 3252 Ovidiano
1029 3208 1103 3272 cog-

154 3294 346 3380 njudicavit
361 3294 463 3356 Lena.
479 3292 498 3356 l.
517 3315 545 3355 c.
561 3315 593 3375 p.
608 3294 640 3355 5.
690 3292 879 3358 Plutarchus
899 3293 963 3355 duo
981 3285 1105 3353 versus¹

154 3396 325 3480 lupercaliis
346 3417 389 3458 cx
411 3417 449 3457 eo
471 3395 613 3466 laudans,
629 3399 717 3463 αἰτίας
733 3400 851 3470 μυθώδεις
869 3402 895 3452 ἐν
913 3396 1032 3468 ἐλεγείοις
1051 3396 1105 3468 περὶ

154 3509 268 3575 spernar
283 3497 445 3579 scripsisse
465 3495 606 3568 tradidit,
623 3503 657 3557 ct
671 3490 794 3555 Arnob.
810 3512 853 3553 ex
871 3489 942 3573 ejus
961 3487 1105 3551 Consuli-

154 3605 181 3660 rt
201 3598 438 3681 inscriptionem
461 3597 531 3660 libri
551 3597 666 3660 Latine
685 3595 792 3667 vertit,
809 3593 922 3656 Fatuae
945 3589 1105 3653 historiam

154 3782 256 3833 ndiderat
274 3785 306 3833 ibi
326 3787 409 3842 Butes,
425 3802 516 3834 cursum
535 3787 558 3834 in
608 3785 705 3850 μίμημα
723 3785 766 3831 τοῦ
783 3781 835 3831 τότε
853 3778 941 3845 δρόμου
958 3780 1007 3838 τὴν
1020 3777 1107 3841 ἑορτὴν

154 3858 209 3906 aliis
241 3860 368 3908 solemnem
404 3861 558 3926 repetendum
609 3860 704 3925 ἅγιθοι,
714 3857 754 3906 rai
766 3854 863 3921 τρέχειν
873 3855 931 3914 τοὺς
944 3852 996 3902 ἀπὸ
1008 3851 1105 3919 γένους,

156 3932 252 3997 gaudio,
265 3949 311 3998 quc
326 3935 452 3990 Romulus,
464 3934 560 3983 Amulio
610 3936 681 3994 τοὺςι
706 3931 851 3997 Ἐμττοδιοῦς
869 3930 1012 3986 τύπτοντας
1038 3929 1107 3986 ὅπως

154 4023 219 4056 :unu
236 4008 354 4056 festinavit
368 4007 392 4057 in
405 4025 459 4057 cum
474 4010 559 4064 locum,
611 4010 664 4059 τότε
690 4006 794 4074 φάσγαν’
822 4007 922 4070 ἷχοντες
948 4004 989 4057 Ἐξ
1009 4000 1108 4065 Ἄλβης

154 4097 173 4130 a
184 4083 241 4130 uber
252 4085 273 4131 ei
285 4083 431 4147 prebuerat:
451 4093 474 4131 et
486 4083 561 4148 pergit
612 4084 679 4133 ἔθεον
687 4080 813 4146 Ῥωμύλος
825 4079 865 4140 ἠδὲ
873 4078 967 4142 ‘Pipae

154 4172 244 4221 »supra
261 4159 334 4205 citato
350 4157 504 4206 Plutarchus:
521 4159 561 4205 rol
