2806 5018
170 352 235 419 tm
449 346 489 411 1².
512 343 674 412 OVIDII
698 342 910 409 NASONIS

174 510 400 618 Sollertique
417 519 506 604 vim,
526 518 657 591 lacerae
676 539 789 613 quem
806 514 926 588 fracta
943 525 1142 588 tenentem

222 638 397 712 Membra
412 634 502 708 ratis
522 633 692 707 Semeles
709 641 770 706 est
788 630 966 704 miserata
983 654 1105 703 soror.
1146 633 1211 701 280

172 754 244 827 Vel
262 765 338 838 tua,
357 775 405 823 ne
423 774 543 848 poenae
560 773 680 845 genus
697 748 768 820 hoc
786 745 1005 842 cognoverit
1023 769 1137 831 unus,

221 868 379 942 Viscera
394 866 550 940 diversis
568 865 686 938 scisso
702 863 868 937 feruntur
884 862 1015 957 equis:

174 983 246 1059 Vel
264 1008 362 1081 que,
379 981 447 1079 qui
464 980 596 1055 redimi
616 979 788 1053 Romano
805 988 914 1074 turpe
931 977 1096 1074 putavit,

225 1098 374 1172 Adnue
392 1095 561 1168 Puniceo
579 1094 745 1193 pertulit,
765 1094 845 1190 ipse
862 1091 975 1166 feras.

178 1213 260 1288 Nec
277 1214 347 1286 tibi
365 1211 533 1285 subsidio
552 1209 602 1283 sit
618 1233 784 1308 presens
802 1232 954 1293 numen,
974 1218 1021 1281 ut
1037 1207 1106 1293 illi,
1149 1210 1214 1280 285

229 1327 303 1400 Cui
320 1327 412 1399 nihil
430 1324 578 1400 Hercaei
595 1323 733 1423 profuit
749 1347 813 1397 ara
827 1322 956 1397 Joris:

179 1442 311 1540 thue
327 1441 433 1514 dedit
449 1441 568 1514 saltus
585 1441 634 1514 de
653 1464 799 1513 summo
817 1439 1027 1513 Thessalus
1046 1438 1160 1524 Ossa,

227 1556 285 1628 'l'u
304 1580 455 1654 quoque
472 1580 610 1630 saxoso
628 1555 863 1654 praecipitere
877 1557 992 1652 jugo:

139 1752 151 1767 ,
178 1669 258 1745 Aut
271 1671 374 1773 velut
391 1670 559 1770 Euryali,
579 1670 644 1768 qui
662 1680 852 1768 sceptrum
870 1670 974 1768 cepit
991 1669 1042 1743 ab
1061 1668 1140 1756 illo,

229 1784 315 1858 Sint
332 1796 434 1858 aruis
452 1785 570 1860 avidis
588 1786 773 1881 anguibus
791 1808 880 1858 esca
896 1783 972 1856 tui:
1152 1786 1217 1856 290

180 1899 252 1974 Vel
268 1910 335 1974 tua
351 1911 525 1988 maturet,
544 1901 642 1974 sicut
661 1900 805 1974 Minoia
820 1900 909 1986 sata,

231 2016 308 2090 Per
324 2026 440 2114 caput
455 2015 586 2090 iniusae
602 2015 765 2092 fervidus
783 2018 916 2090 humor
933 2040 1069 2113 aquoe:

180 2180 328 2246 {dequrn
338 2195 365 2228 ee
374 2177 519 2245 precipitem
528 2177 642 2235 dedisset,
651 2178 676 2226 in
727 2181 792 2229 Osse.
826 2181 863 2228 De
878 2196 962 2227 me
980 2187 1090 2244 qustoor
1107 2177 1187 2245 enipti
1201 2189 1220 2227 st

180 2253 300 2304 wluoeem
311 2254 342 2303 sb
354 2253 466 2319 Apolline
476 2261 513 2302 est
523 2260 636 2302 mutntns.
726 2254 806 2319 prime
817 2253 944 2312 editiones;
956 2254 994 2302 sic
1005 2254 1147 2302 Merena.
1156 2253 1221 2301 OEtn

213 2331 273 2378 28⁰.
300 2330 393 2376 Semela
416 2336 448 2375 est
467 2330 574 2376 miserore
592 2325 675 2388 επακ]
726 2327 763 2376 bis
773 2326 902 2376 musculiue
911 2341 1001 2390 genere
1010 2326 1085 2384 dixit,
1097 2324 1220 2391 nei-qut

182 2401 275 2451 enlm
288 2400 423 2449 'lbebernnr
440 2399 556 2448 conditori
572 2413 602 2448 ex
615 2399 677 2447 Her·
690 2441 692 2445 .
726 2401 772 2449 rsis
781 2399 1056 2460 estendicibueettum
1066 2401 1221 2452 mus-b

182 2473 269 2528 monis,
285 2472 383 2522 Veneris
401 2480 426 2520 et
442 2472 529 2520 Martis
544 2471 602 2527 filis,
616 2478 677 2519 nate
726 2474 873 2539 intelligitur.
903 2473 1222 2538 steoovyapudom

182 2554 238 2595 sent
246 2545 339 2609 Agere,
352 2546 469 2598 Autonoe.
480 2544 532 2600 Ino,
542 2553 568 2592 et
577 2544 677 2602 Semele,
729 2547 833 2597 feminini
850 2546 944 2612 genesis
957 2558 1007 2607 est,
1024 2549 1154 2597 molini
1168 2544 1221 2612 φΙ

180 2618 357 2683 etPolydorns.
386 2617 534 2673 Athmonon,
546 2618 610 2666 AEoli
621 2617 678 2675 tilio,
728 2621 856 2671 Romnum.
872 2621 963 2670 linus.
1128 2640 1131 2644 ’

182 2691 315 2740 Thebarum
331 2690 389 2754 regi,
400 2691 444 2738 Ino
457 2689 545 2754 nupsit,
556 2707 609 2754 qure
622 2691 677 2739 cle-
760 2698 816 2744 289.
833 2698 883 2744 Aut
897 2698 960 2744 velet
979 2696 1109 2760 Euryali]
1133 2697 1219 2744 lim

182 2765 279 2813 erebum
302 2764 394 2828 genuit,
414 2772 438 2812 et
457 2763 615 2819 Melicerten,
637 2763 678 2828 qui
728 2769 803 2817 fllium
827 2768 910 2816 hebuit
928 2768 1085 2826 lbessnlum,
1104 2767 1219 2818 'lbemlie

183 2839 199 2887 J
201 2837 285 2885 unonis
293 2837 346 2885 odio
358 2836 421 2885 haud
433 2837 474 2884 diu
484 2837 573 2885 vixere.
728 2857 816 2905 regern,
830 2843 871 2905 qui
888 2843 919 2889 ub
931 2842 1039 2905 Euryslo
1054 2844 1151 2891 ndrenn
1163 2845 1219 2905 (nn

215 2913 272 2960 tut.
286 2912 325 2959 Vel
339 2928 396 2973 que,
406 2914 445 2972 qut
462 2911 561 2972 redimi]
581 2909 680 2958 Attilius
730 2927 780 2963 eret
791 2915 941 2978 Corcyraeus)
959 2931 990 2963 ex
1003 2918 1070 2964 Osse
1083 2928 1161 2964 monte
1171 2930 1218 2980 pre«

183 2985 300 3048 Regulus,
317 2984 359 3048 qui
375 2994 460 3048 eaptus
475 2985 581 3047 patribus
597 2984 680 3039 sunsit,
728 2988 894 3053 cipitetusest.
921 2989 957 3036 Ee
970 2989 1038 3037 crede
1052 3006 1129 3053 quum
1141 2986 1218 3054 pnrgtn'

181 3074 213 3107 ne
226 3058 371 3123 captivorum
383 3058 524 3123 permutatio
535 3057 613 3106 fieret:
629 3072 679 3104 ma·
730 3078 776 3110 non
791 3072 870 3125 posset
881 3062 1011 3126 Eruyelus,
1021 3062 1135 3111 deditum
1143 3061 1217 3124 stygis

183 3131 273 3196 luitque
285 3131 315 3179 nd
325 3139 432 3194 peratum
442 3130 582 3194 supplicium
589 3129 680 3185 reuerti,
730 3136 812 3200 paludi
820 3140 899 3199 eaput,
906 3134 1035 3183 {omuibus
1046 3137 1164 3200 segelibus
1171 3133 1217 3181 die'

183 3220 256 3268 quam
267 3204 345 3252 vivere
355 3202 447 3251 inutilis
457 3203 515 3251 civis
526 3203 616 3266 patric.
627 3204 681 3259 Quo
730 3218 768 3257 tur
778 3210 924 3272 absumptus.

182 3277 298 3341 supplicio
314 3278 344 3323 sit
360 3275 535 3332 adfectuum
552 3277 610 3324 satis
622 3292 678 3323 con·
762 3283 819 3330 291.
838 3282 948 3344 Minoia]
972 3282 1067 3337 Μιιιοι,
1079 3284 1111 3330 ὼ
1123 3280 1216 3346 injur-'nn

183 3350 284 3399 stituunt
292 3350 407 3398 Annales.
426 3351 498 3398 Dou.
731 3363 853 3419 acceptam
876 3370 888 3402 u
911 3355 1024 3411 Dedelo,
1043 3355 1175 3421 labyrintho
1189 3351 1216 3399 it·

216 3425 273 3472 286.
291 3424 336 3471 Cui
350 3425 408 3472 nibil
420 3424 531 3487 Hercei]
552 3424 613 3472 Vide
624 3424 678 3473 Vir·
730 3431 828 3485 briento,
839 3444 893 3476 eum
907 3429 986 3477 clesse
1001 3438 1142 3494 persecutns
1152 3437 1185 3477 est
1194 3425 1217 3472 ti

183 3496 226 3561 gil.
236 3497 335 3546 AEneid.
347 3497 373 3545 ii.
384 3500 431 3546 512
442 3514 495 3561 sqq.
731 3502 845 3551 Cocalum
856 3517 934 3565 rogem
941 3503 1041 3560 sicilie,
1050 3504 1084 3552 sd
1095 3519 1163 3569 qoem
1170 3515 1216 3548 een-

216 3573 274 3619 287.
295 3571 369 3632 thue
388 3571 562 3633 dediturum]
588 3572 680 3619 Pluter·
730 3576 972 3640 fugeratsnultisque
988 3577 1218 3643 praeluisupuib*

183 3642 243 3690 chus
254 3653 366 3691 ruemoret
376 3644 540 3693 divinatricem
552 3645 680 3709 quandam,
730 3650 809 3705 editis,
828 3650 893 3698 illius
916 3652 1019 3714 mem
1041 3653 1089 3701 sibi
1110 3662 1218 3714 err-pm·

184 3716 341 3778 Aglnonicem
355 3719 680 3782 nomine,F.gemouisTbes·
732 3733 809 3772 verat:
834 3739 907 3788 quum
935 3725 1041 3788 primunr
1067 3727 1147 3774 Minos
1169 3724 1218 3771 elre-

185 3788 230 3836 ssli
241 3789 323 3845 tilium,
334 3806 407 3853 quum
419 3791 443 3838 in
451 3793 512 3840 Ossa
519 3801 598 3840 moute
607 3793 679 3841 Luure
730 3812 780 3844 sem
791 3796 884 3862 adpulit
897 3796 923 3845 iu
935 3797 1059 3855 Siciliam,
1072 3798 1218 3859 hostiliterque

183 3861 259 3910 coitus
277 3865 421 3920 observaret,
440 3865 567 3930 injudicio
585 3866 679 3915 convic·
731 3883 813 3932 ugrum
829 3870 1147 3934 populeretur,Cocnlnsed
1159 3869 1217 3919 ealle

184 3944 242 3991 teni,
254 3952 269 3985 e
279 3939 433 3993 mulierculis,
446 3940 635 3987 existimantibus
649 3941 679 3988 nb
730 3942 812 4006 quium
828 3959 882 3991 eum
897 3946 1047 4007 provocavit,
1058 3947 1174 4011 proponite
1185 3956 1218 4006 ᾳ

183 4025 213 4058 ee
229 4013 321 4059 Lunum
341 4012 403 4059 coelo
420 4011 515 4066 deduci,
536 4013 681 4075 gravissimis
731 4014 832 4065 dedendi
844 4016 951 4065 Dedan.
979 4018 1219 4081 lundonie-j*

184 4084 301 4132 adlectum
318 4083 447 4146 suppliciis,
462 4093 488 4131 et
503 4101 532 4132 ex
547 4086 609 4134 Osse
620 4103 680 4151 pre-
731 4088 762 4136 sit
771 4105 826 4137 euru
837 4090 861 4138 in
870 4089 968 4139 thermis
977 4092 1089 4141 eleusum
1099 4100 1218 4157 upetwt·

186 4156 318 4221 cipitntnm.
335 4156 396 4206 Des.
430 4156 551 4206 Erum
567 4160 682 4209 manin
731 4163 810 4228 quoad
824 4164 952 4228 vaporibus
969 4165 1104 4217 culidem
1120 4175 1217 4231 tth
