2806 5018
178 329 245 394 alo
484 323 923 392 PRAEFATIUNCULA.

179 523 271 567 mum
303 498 528 573 Albinorum,
560 518 635 580 quae
668 494 912 560 Annelaedmi
943 496 1081 581 prodiit,
1110 495 1227 560 Foru

179 623 276 686 quam
296 599 407 663 dicunt
425 598 561 674 octava,
581 598 674 662 1702,
691 608 725 662 et
743 597 861 662 iterum
877 599 971 661 1718.
988 599 1053 662 snb
1072 596 1229 661 Theodori

183 699 486 776 Goralb'nomine‘,
501 721 575 764 cmn
589 698 935 783 Scaligerietlleimii
950 702 1049 774 notis,
1063 699 1228 782 quibust

179 826 253 867 snas
273 803 447 887 edjeoerat
493 801 567 865 Nec
587 811 704 865 eiurata
724 812 813 865 certe
833 802 1004 884 probanda
1025 803 1061 864 in
1080 800 1145 863 bne
1164 797 1226 862 odi·

178 905 278 979 mne,
301 927 375 989 quoe
398 926 644 987 praeproperum
667 903 701 966 in
729 903 865 967 edendis
890 904 1048 987 opmibns
1073 902 1228 967 editorem

178 1007 305 1090 argum
328 1028 433 1090 neque
454 1005 523 1068 laus
544 1006 657 1089 ingens
671 1005 861 1068 Burmamro
878 1005 1067 1089 frcqumtes
1084 1006 1120 1068 in
1135 1006 1227 1069 inter·

178 1116 272 1191 preto
301 1128 438 1181 errores,
461 1117 519 1168 aut
543 1106 704 1169 memoriae
732 1104 843 1189 lapsus
868 1106 1151 1190 deprehendisse;
1180 1103 1227 1169 cui

178 1208 263 1273 euim
282 1209 494 1292 interpretum
517 1205 580 1270 tale
600 1206 680 1270 nibil
701 1200 876 1290 aliqnando
895 1206 1034 1284 effluxit,
1049 1229 1155 1290 quum
1173 1226 1226 1268 nec

179 1307 325 1393 Scaliger
346 1309 489 1392 quidem,
508 1329 568 1371 uec
587 1307 744 1372 Heinsius
763 1308 845 1391 ipse,
863 1309 993 1371 omnino
1015 1331 1053 1372 se
1074 1308 1226 1371 anrnn

178 1409 283 1475 uiauae
308 1409 422 1474 {erulae
447 1409 686 1475 subduxerint?
732 1409 800 1472 Sed
825 1410 953 1492 graviim
977 1410 1014 1471 iu
1037 1411 1157 1485 virruu,
1177 1408 1226 1491 qui

178 1512 366 1595 magistrum
395 1533 430 1575 se
459 1512 493 1573 in
518 1510 600 1575 Arte
631 1510 755 1573 Critica
783 1510 1012 1592 profitebatur,
1040 1520 1225 1594 peoosverrt

177 1613 327 1696 scriptor,
350 1613 417 1696 qui,
443 1612 521 1676 dum
545 1609 637 1675 Artis
666 1611 764 1695 hujus
790 1612 1013 1688 fundamenta,
1037 1611 1173 1697 regulas
1196 1621 1224 1674 et

177 1711 259 1778 fines
280 1714 491 1788 describeret,
514 1712 610 1776 certis
630 1710 752 1794 aliquot
772 1713 871 1795 signis
891 1711 1041 1776 homines
1061 1736 1142 1777 rere
1162 1735 1224 1776 enr-

176 1813 263 1880 ‹litou
284 1818 327 1882 ab
346 1815 408 1879 illis
430 1816 636 1888 discreverat,
658 1815 714 1896 qui
735 1836 816 1876 vanu
838 1825 963 1876 tantum
982 1816 1164 1879 verborum
1182 1836 1224 1876 os·

178 1918 365 1993 montione,
381 1917 432 1981 vel
446 1916 588 1980 locorum
606 1928 766 2000 apparatu
783 1915 858 1979 hino
878 1927 912 1979 et
930 1915 1030 1991 illinc,
1046 1930 1149 2000 prout
1162 1936 1223 1979 scre

176 2017 330 2096 offerunt,
357 2030 559 2093 coactorum
589 2016 640 2080 vel
664 2019 924 2081 emendationum
949 2017 1096 2095 licentia,
1123 2018 1223 2081 muru

178 2119 296 2204 ignaria
311 2119 446 2196 faciunt,
456 2119 621 2183 mentitam
635 2118 711 2180 inde
724 2117 842 2181 famam
853 2118 1011 2182 doctrinae
1026 2118 1222 2204 consequuti.

177 2221 327 2295 Quorum
353 2222 406 2285 hic
433 2243 574 2296 causam,
599 2219 698 2282 veluti
725 2221 901 2303 propriam,
926 2241 1029 2303 quare
1059 2219 1223 2304 amplexus

177 2323 274 2386 fuerit
288 2323 495 2387 Burmannus
515 2344 580 2385 non
599 2322 704 2396 video,
720 2323 780 2384 nisi
801 2320 968 2385 lacessitus
986 2323 1080 2405 prior
1097 2324 1141 2386 ab
1159 2322 1222 2404 ipso

176 2421 332 2502 Clerim‘,
359 2427 539 2508 impositam
568 2425 628 2488 sibi
654 2424 872 2508 respondendi
897 2424 1128 2488 necessitatem
1156 2444 1223 2486 cen-

177 2527 287 2589 suerit.

220 2626 301 2689 Inde
317 2627 472 2708 sequitur,
488 2640 524 2690 ut
539 2627 619 2690 nihil
634 2628 762 2690 omnino
777 2628 987 2709 interpretem
1001 2647 1124 2695 novum
1137 2639 1222 2689 rems

177 2727 229 2789 hic
256 2739 484 2790 commentator
503 2730 641 2811 juverit;
669 2739 703 2790 et
730 2739 796 2791 tota
819 2729 886 2790 fere
910 2726 1096 2790 illustrandi
1122 2729 1222 2811 operis

176 2827 276 2895 moles
288 2830 320 2892 in
329 2852 428 2892 unuin
440 2853 490 2893 ure
503 2832 698 2894 recubuerit.
738 2830 837 2901 Quod
849 2829 979 2912 quidem
992 2830 1051 2911 qui
1063 2831 1222 2914 scriptoris

174 2939 207 2993 et
222 2933 333 3014 scripti
348 2932 526 3006 commodo,
543 2932 658 2994 viderit
673 2955 784 3015 aequns
803 2930 921 2994 Lector
936 2952 974 2993 ac
992 2931 1180 2995 benevolus.

174 3153 262 3217 primas
283 3165 361 3218 partes
382 3157 473 3203 inerte
495 3157 577 3203 critica
596 3157 709 3220 potuisset
728 3158 842 3204 obtinere.
875 3156 942 3204 Obiit
951 3157 1145 3214 Amstelaedami,
1158 3177 1181 3205 r.
1196 3175 1221 3204 rr.

174 3248 311 3283 cccxxxvi.
345 3237 449 3299 Operum
461 3235 525 3284 illius
535 3237 672 3298 Catalogus,
685 3253 744 3301 opus
759 3238 819 3301 ipse,
832 3237 895 3301 quod
906 3237 1083 3302 bibliograpbir
1093 3239 1222 3304 relinquen·

175 3312 233 3362 dum
240 3314 334 3378 judico.

206 3399 216 3424 ⁰
235 3393 343 3442 Theodori
355 3396 454 3442 Goralli.
488 3400 548 3453 Qum
562 3412 630 3443 voces
644 3404 698 3443 sunt
710 3397 809 3443 nominis
822 3398 873 3461 ejus
886 3408 909 3445 et
921 3398 1076 3462 praenominis
1086 3400 1220 3465 interpretr-

174 3474 263 3532 tiouos3
280 3474 313 3522 ita
330 3483 357 3521 ut
374 3490 506 3538 praenornen
525 3476 620 3539 quidem
638 3476 780 3524 llebraicum
799 3478 828 3524 sit
846 3494 921 3541 grece
938 3494 1052 3537 versuum
1073 3496 1160 3528 nomen
1175 3495 1222 3527 vero

175 3551 294 3609 Graecum,
308 3555 426 3603 Hebraico
437 3571 494 3602 voce
506 3572 651 3619 expressum.

206 3628 286 3680 ¹Vid,
303 3634 376 3681 vitam
393 3634 489 3689 Clerici,
505 3637 535 3682 ab
555 3635 605 3700 ipso
625 3635 791 3699 conscriptam,
807 3653 830 3700 p.
848 3637 909 3690 117;
931 3646 956 3684 et
975 3636 1007 3684 cl.
1025 3638 1070 3685 viri
1088 3639 1219 3704 Spanbein.

174 3711 273 3777 Epistol.
286 3715 315 3762 ad
327 3715 416 3763 calcem
428 3716 533 3780 ejusdem
546 3717 608 3764 libri.
628 3714 766 3764 Amstelaed.
782 3718 854 3763 1711.
