2806 5018
173 367 240 436 m
467 360 506 428 P.
531 361 693 428 ovibu
717 363 933 429 Nasole

177 539 262 624 quod
285 536 375 600 illum
398 536 438 598 ab
468 533 667 617 indulgentia
695 555 755 598 sua
775 542 904 598 avocet.
953 536 1004 601 Di
1028 535 1128 601 boni!
1154 558 1221 623 quc-

174 641 270 708 mede
290 639 340 702 bic
364 638 484 702 amavit
500 637 657 702 uxcmml
680 646 767 701 amet
785 637 893 711 liliam,
909 645 947 700 et
965 638 1124 702 abdicat:
1146 639 1222 703 dolet

175 742 387 826 periclitatam
402 747 530 814 esse,et
542 740 584 804 ab
597 762 638 804 eo
652 740 793 812 abducit,
806 740 873 802 siae
884 761 952 823 que
964 750 1072 824 negat
1087 762 1126 804 re
1140 762 1223 824 pesse

176 846 303 908 vivere:
327 844 472 927 queritur
494 843 671 926 periculum
685 844 767 926 ejus,
784 864 849 926 qua
862 863 958 926 poeue
974 846 1087 907 caruit
1098 844 1161 918 bic,
1176 844 1221 927 qui

176 968 283 1010 amare
308 955 401 1009 caute
423 946 530 1029 jubet.
576 945 715 1009 Facilius
738 946 771 1009 in
795 967 905 1009 amere
929 944 1034 1009 licem
1063 948 1219 1030 impetres,

177 1071 273 1133 quam
298 1049 444 1112 modum:
468 1057 546 1110 tune
567 1048 623 1112 bos
647 1049 737 1132 ponis
758 1049 921 1122 terminos,
937 1056 976 1111 ut
998 1048 1079 1111 nibil
1102 1050 1219 1119 facient

176 1150 239 1215 uisi
250 1150 471 1224 considerate;
494 1149 570 1213 nibil
584 1151 781 1234 promittent,
798 1150 857 1212 nisi
875 1159 912 1213 ut
927 1149 984 1233 jus
1001 1151 1147 1225 facturi3
1168 1171 1222 1213 cru·

177 1252 230 1314 uia
249 1252 347 1314 verba
369 1252 491 1314 ratione
516 1260 549 1314 et
578 1251 643 1316 fide
669 1251 869 1336 ponderent?
900 1250 1010 1315 Senes
1037 1252 1086 1316 sic
1114 1261 1220 1316 amant.

178 1350 288 1417 Pauca
311 1352 404 1426 nosti,
426 1362 529 1434 pater,
549 1354 700 1418 crimina:
724 1365 758 1417 et
776 1354 972 1438 litigavimus
993 1353 1180 1437 aliquando,
1193 1362 1220 1414 et

176 1454 369 1528 decidimus;
384 1462 418 1517 et
428 1454 574 1530 fortasse,
587 1458 673 1540 quod
689 1478 751 1520 nou
767 1465 872 1539 putas,
881 1456 1119 1539 pejeravimus.
1142 1454 1220 1536 Quid

176 1556 217 1621 ad
237 1563 345 1638 patres
368 1556 517 1638 pertinet,
534 1558 619 1641 quod
645 1566 787 1622 amantes
806 1557 939 1641 jurent?
964 1559 993 1620 si
1010 1559 1060 1622 vis
1082 1560 1217 1630 credere,

176 1679 236 1722 aee
253 1657 295 1720 ad
313 1656 403 1720 Deos
423 1658 573 1740 pertinet.
613 1659 690 1724 Non
714 1661 868 1744 estquod
889 1659 947 1721 tibi
968 1660 1118 1742 placeas,
1135 1680 1217 1730 uxor,

177 1767 328 1840 tanquam
348 1757 449 1839 prima
468 1760 671 1842 peccaveris:
695 1761 789 1844 periit
812 1762 919 1844 aliqua
939 1782 1017 1824 cum
1036 1763 1120 1836 viro,
1136 1762 1219 1845 periit

178 1860 286 1942 aliqua
309 1880 366 1941 pro
384 1860 470 1933 vir0;
493 1860 562 1923 illas
585 1872 692 1925 tamen
716 1863 816 1926 omnis
838 1871 917 1926 retas
938 1862 1121 1937 bonorabit,
1136 1883 1218 1926 omne

179 1959 353 2029 celebrabit
368 1959 542 2043 ingenium.
588 1961 616 2024 F
618 1984 663 2037 er,
679 1983 779 2038 socer,
796 1961 983 2028 felicitatem
1007 1975 1119 2039 tuam;
1142 1985 1216 2045 mag·

179 2085 255 2128 num
274 2063 332 2126 tibi
349 2082 445 2143 quam
466 2085 566 2146 parvo
585 2074 710 2128 eonem
727 2065 930 2149 exemplum!
953 2067 986 2128 in
1003 2067 1165 2150 reliquum
1179 2064 1217 2128 di-

180 2165 365 2248 ligeuticree
399 2165 478 2228 faeti
506 2186 632 2229 sumus:
669 2188 808 2230 errorem
842 2175 986 2231 nostrum
1017 2168 1217 2231 confitemur:

181 2267 346 2332 exciderat
363 2267 553 2351 jurantibus,
570 2289 641 2330 esse
662 2269 790 2332 tertium
809 2270 865 2352 qui
886 2269 987 2352 magis
1004 2279 1146 2332 amaret:
1169 2270 1215 2338 sie,

183 2368 238 2447 Di,
254 2368 295 2436 sit
309 2392 445 2457 semper.
480 2370 670 2448 Persevera,
684 2394 793 2446 socen
816 2371 924 2453 recipe
937 2370 1054 2433 liliam:
1079 2392 1153 2453 ego,
1169 2370 1214 2452 qui

179 2476 322 2564 peceavi,
339 2497 437 2561 poena
457 2476 572 2560 diguus
595 2496 675 2538 sum.
714 2474 835 2555 Quare,
853 2492 954 2534 uxore
969 2479 1098 2545 necata,
1116 2490 1214 2533 sccero

180 2603 276 2645 causa
291 2580 348 2642 sim
364 2577 526 2640 orbitatis?
554 2577 728 2639 Discedam
750 2598 768 2637 e
788 2576 939 2646 civitate;
962 2573 1106 2656 fugiam
1130 2594 1212 2635 exsu-

179 2683 268 2745 labo:
291 2689 455 2761 uteunque
479 2688 601 2759 potero,
621 2678 813 2741 desiderium
838 2677 952 2739 misera
970 2684 1005 2738 et
1025 2676 1145 2738 crudeli
1166 2696 1210 2757 pa·

181 2785 292 2849 tientia
306 2781 475 2864 perferam.
500 2780 657 2854 blorerer,
675 2781 701 2842 si
713 2782 798 2842 solus
813 2780 982 2842 moriturus
1000 2779 1136 2840 essem.''

225 2889 261 2950 ln
290 2884 401 2946 codice
431 2883 659 2963 poematicrum
692 2892 835 2943 veterum
865 2880 959 2962 longe
990 2879 1208 2960 antiquissimo,

180 3009 276 3072 quem
305 2985 391 3067 apud
410 2983 452 3046 V.
472 2983 509 3045 C.
538 2982 669 3045 Petrum
698 2982 892 3045 Scriverium
913 2982 990 3052 vidi,
1020 2982 1138 3043 ovidio
1160 2979 1208 3039 boc

180 3092 375 3174 epigramma
391 3085 544 3147 ineditum
561 3086 817 3148 adscribebatur:

298 3263 316 3319 J
320 3282 364 3318 am
376 3260 500 3318 nitidum
514 3261 630 3338 liquidis
645 3261 772 3318 Pboebus
782 3262 867 3337 jubar
881 3257 982 3316 intulit
998 3258 1094 3324 undis,

335 3356 494 3413 Emeritam
507 3376 645 3413 renovans
660 3355 787 3433 Tethyos
800 3374 883 3412 enine
897 3353 998 3409 facem.

294 3451 382 3507 Astra
396 3448 473 3505 subit
490 3449 580 3506 niveis
595 3450 704 3507 Phoebe
717 3449 853 3506 subvecta
862 3446 1006 3522 juvenciS,

333 3542 418 3598 Mitis
432 3552 460 3599 et
475 3543 597 3600 aetherec
611 3542 717 3599 labitur
731 3562 783 3599 axe
797 3560 886 3618 sopor.

294 3633 449 3692 Adludunt
463 3637 554 3692 teneri
568 3634 699 3693 tremulis
713 3655 777 3692 cum
792 3633 932 3691 matribus
946 3633 1024 3709 agni,

334 3727 538 3805 Lacteclcsque
553 3729 661 3786 animas
674 3729 782 3786 lacteus
795 3728 896 3784 humor
911 3725 972 3783 alit.

176 3907 215 3970 In
231 3908 345 3968 eodem
361 3907 470 3968 codice
486 3916 675 3989 argumenta
687 3907 837 3969 librorum
850 3905 1101 3988 Virgilianorum
1118 3912 1207 3966 nostro

175 4011 270 4072 etiarn
295 4007 568 4085 adscribebantur,
592 4019 680 4071 utet
704 4010 736 4071 in
761 4008 868 4070 multis
891 4007 961 4070 aliis
983 4008 1207 4092 exemplaribus

177 4111 321 4182 vetustis,
347 4131 418 4191 quae
439 4110 523 4171 vidi:
545 4112 602 4172 sed
631 4132 807 4192 perperam.
857 4109 1012 4191 Denique
1037 4112 1068 4173 in
1095 4111 1208 4187 antique
