2806 5018
644 369 750 433 lBlS.
1064 414 1066 418 r
1155 368 1220 432 503

169 538 340 613 Vulnera
357 550 488 637 totque
506 540 616 626 seras,
637 553 732 638 quot
748 540 885 622 dicitur
902 541 965 614 ille
983 542 1127 626 tulisse,

221 653 343 750 Cujus
361 657 408 727 ab
427 654 567 727 inferiis
585 656 706 729 culter
724 656 859 729 abesse
876 657 984 729 solet.

178 768 459 866 Adtonitusque
478 794 597 857 seceS,
617 782 659 844 ut
676 795 772 867 quos
789 771 975 869 Cybeleia
992 783 1111 846 mater
1147 776 1221 845 455

226 883 367 959 Incitat
383 886 432 958 ad
450 884 636 982 Phrygios
655 886 742 958 vilia
759 888 927 959 membra
944 888 1088 960 modos.

171 999 309 1095 Deque
326 1000 404 1072 viro
422 1000 490 1073 fias
509 1025 578 1074 nec
596 1002 736 1074 semina
754 1027 825 1075 nec
842 1002 908 1088 vir,
927 1015 970 1075 ut
986 1002 1112 1100 Atrys,

223 1113 274 1188 Et
291 1114 440 1212 quatias
458 1116 562 1188 molli
579 1127 760 1214 tympana
777 1141 891 1190 rauca
907 1141 1033 1190 manu.

170 1230 296 1328 Inque
314 1256 430 1328 pecus
450 1232 575 1305 subito
592 1256 740 1328 magnae
756 1246 901 1306 vertare
919 1232 1097 1330 parentis,

222 1346 355 1419 Victor
372 1359 415 1419 ut
431 1356 490 1420 est
507 1348 621 1421 celeri
638 1347 814 1444 victaque
831 1371 939 1420 versa
956 1346 1075 1445 pede:
1146 1348 1220 1419 460

172 1455 341 1559 Solaque
361 1461 516 1535 Limone
534 1487 685 1560 poenam
702 1488 750 1537 ne
768 1446 929 1537 senserit
946 1463 1060 1547 illam,

222 1575 275 1650 Et
292 1588 358 1651 tua
375 1578 488 1652 dente
506 1577 584 1652 fero
602 1580 746 1653 viscera
763 1588 895 1676 carpat
912 1602 1046 1675 equus.

171 1693 264 1779 Aut,
284 1703 326 1766 ut
344 1694 618 1782 Cassandreus,
639 1695 790 1767 domino
809 1717 883 1766 non
903 1693 1027 1766 mitior
1044 1693 1119 1779 illo,

225 1808 386 1882 Saucius
404 1809 553 1904 ingesta
570 1808 837 1884 contumuleris
855 1808 982 1880 humo.

172 1921 263 2009 Aut,
283 1933 325 1996 ut
343 1923 589 2011 Abantiades,
610 1936 676 1998 aut
694 1935 736 1997 ut
754 1923 945 2021 Cycneius
962 1923 1084 2008 beros,
1146 1920 1220 1998 465

221 2037 387 2113 Clausus
406 2039 444 2112 in
462 2062 656 2136 aequoreas
674 2036 918 2136 praecipiteris
937 2060 1068 2134 aquas.

171 2283 253 2350 potuit
263 2284 340 2333 Ibidis
355 2294 472 2344 naturam,
483 2301 554 2350 quarn
569 2293 674 2335 ventrem
726 2301 799 2351 quum
818 2285 844 2334 in
859 2285 956 2351 Cybelis
972 2285 1060 2351 templo
1077 2285 1163 2334 amous
1177 2285 1221 2335 lm·

171 2366 247 2406 rostro
272 2373 373 2424 purgare
397 2359 490 2408 solitam
516 2358 676 2425 prodiderunt,
725 2360 817 2426 patiens
833 2359 993 2425 Hippomenes
1007 2374 1061 2407 oum
1077 2359 1157 2423 puella
1172 2375 1222 2409 rem

174 2430 242 2479 Plin.
257 2430 299 2479 lib.
317 2431 368 2479 viii.
386 2447 440 2498 cap.
458 2435 489 2482 32
498 2451 506 2492 ;
525 2433 616 2482 AEllan.
633 2433 675 2482 lib.
726 2432 854 2481 habuisset.
871 2432 943 2482 Dorr.

172 2504 206 2552 ri.
218 2519 274 2569 cap.
286 2506 310 2553 7.
320 2504 350 2554 de
361 2507 425 2555 Hist.
437 2507 541 2555 Animal.
558 2508 668 2556 Sauro.
757 2507 814 2555 461.
839 2507 935 2569 Solaque
961 2504 1079 2568 Limone]
1114 2506 1222 2566 limane,

207 2579 266 2626 ⁴5³.
285 2577 386 2626 Volnera
394 2588 468 2641 totque
470 2579 559 2644 ferna]
573 2581 612 2629 De
620 2582 675 2629 Me·
724 2579 882 2646 Hippomenis
893 2595 922 2628 er
934 2580 1057 2637 Atalanta,
1065 2579 1122 2637 filie,
1133 2590 1223 2646 epatre

172 2651 251 2699 noetio
264 2651 370 2700 nonnulli
383 2652 534 2717 intelligunt:
553 2653 617 2717 qnod
630 2653 673 2702 lal-
724 2652 750 2701 in
764 2652 880 2702 adulterio
891 2652 1046 2719 deprebensa.
1057 2653 1125 2716 equis
1134 2653 1223 2705 discer-

173 2739 228 2772 sum
239 2733 289 2784 est3
305 2740 360 2773 nam
373 2725 478 2790 loquitur
488 2725 518 2775 de
529 2725 623 2775 Osiride
634 2727 674 2790 qui
725 2726 804 2791 pende
814 2735 851 2776 ert
861 2726 957 2775 tradita.
972 2726 1034 2774 Zeu.

173 2796 200 2845 in
211 2798 244 2845 at
255 2805 333 2862 partes
344 2797 475 2864 discerptus
485 2800 676 2864 luitaTyphone
758 2800 814 2847 463.
836 2801 894 2854 Ant,
914 2808 941 2846 et
964 2798 1137 2863 Grandem]
1166 2801 1224 2851 vit.

174 2869 264 2918 fratre:
290 2871 345 2920 huic
362 2880 463 2928 mortno,
480 2887 549 2922 secra
568 2872 677 2922 institute
726 2873 797 2920 Pont.
808 2872 825 2920 l.
836 2872 911 2920 iim.
922 2872 947 2919 9.

175 2943 274 2992 fuerunt
284 2945 315 2992 ab
328 2961 410 3001 uxore,
422 2946 544 3012 inquibus
554 2947 676 3011 piaculum
759 2944 815 2992 ⁴65.
832 2946 880 2992 Aut
890 2952 919 2991 ut
929 2943 1091 3005 Abantiades]
1109 2945 1222 2994 Perseum

176 3026 223 3074 est,
235 3018 342 3081 gladium
353 3035 413 3068 eme.
430 3019 465 3067 D.
726 3015 837 3080 intelligit
845 3034 853 3075 ;
869 3031 924 3064 narn
940 3031 969 3064 ex
983 3016 1079 3079 Lynceo
1093 3023 1118 3063 et
1129 3016 1224 3081 Hyper-

211 3093 269 3140 tta.
286 3094 452 3156 Adtonitarpue
459 3093 539 3156 κιαι]
557 3094 611 3142 Mos
619 3103 678 3151 erat,
727 3099 830 3139 mnestra
843 3089 919 3145 Abas,
930 3105 960 3138 ex
971 3089 1067 3138 Abante
1078 3089 1186 3137 Prreteus
1199 3099 1224 3139 et

178 3173 207 3212 nt
218 3164 323 3228 Cybeles
333 3165 467 3214 sacerdotes
479 3166 557 3214 virilia
570 3175 678 3232 amputa-
729 3164 843 3221 Acrisius,
855 3180 884 3212 ex
898 3163 991 3212 Acrisio
1004 3164 1098 3218 Danae,
1110 3178 1124 3211 e
1138 3163 1223 3213 Danae

176 3245 241 3294 rent,
249 3239 302 3303 ejus
311 3237 345 3286 rei
356 3253 453 3286 cenum
463 3239 526 3288 hene
538 3239 677 3288 treditLac-
729 3238 828 3286 Perseus
837 3237 949 3285 oriundus
963 3244 1012 3286 est:
1030 3235 1072 3299 qui
1086 3236 1171 3284 moult
1186 3238 1223 3286 in·

179 3310 287 3360 tantirm
305 3310 395 3368 Dellm‚
406 3312 493 3377 inquit,
505 3314 680 3362 meteremavit
728 3311 816 3368 clusus,
835 3313 865 3361 ab
885 3309 977 3358 Acrisio
994 3310 1019 3357 in
1037 3324 1102 3358 rnare
1119 3325 1225 3377 preceps

176 3384 306 3432 tomorum
330 3384 513 3443 adolescentem,
533 3396 558 3435 et
577 3387 679 3435 eundern
729 3384 800 3433 datus
812 3394 856 3441 est,
867 3392 991 3454 postquam
1002 3382 1133 3431 consulenti
1143 3384 1223 3433 Deam

177 3471 235 3506 curn
260 3455 346 3520 pellice
370 3457 552 3522 deprehensum,
578 3461 680 3508 exsectis
730 3459 787 3523 περὶ
806 3457 904 3508 παίδων
920 3456 1037 3522 γενέσεως
1054 3454 1175 3521 terrm.
1194 3473 1224 3508 ex

178 3529 297 3586 virilibus,
318 3529 453 3579 semivirum
473 3532 546 3580 lecit:
571 3541 596 3581 et
617 3549 680 3582 nune
728 3533 824 3581 oraculo
840 3547 976 3598 responsum
994 3539 1064 3586 esset,
1080 3530 1225 3581 nascituram

176 3620 194 3653 a
210 3604 291 3654 Gallis
308 3603 470 3654 sacerdotibus
487 3621 555 3654 sarra
570 3607 622 3670 ejus
639 3623 679 3656 oe·
716 3620 743 3665 ‚e
763 3605 813 3654 filia
835 3605 918 3661 filium,
940 3620 955 3652 a
973 3619 1021 3668 quo
1044 3603 1225 3656 interimeretur.

177 3679 451 3742 letrannus—cybeleia
463 3690 544 3728 muter.
562 3680 679 3744 Cybelen
728 3677 1132 3740 vinnm-tymnorum.
1165 3679 1225 3743 Cye-

177 3759 260 3799 rnonte
272 3750 384 3816 Pbrygie
398 3767 484 3800 nomen
499 3751 579 3808 habet,
591 3752 616 3801 in
631 3768 679 3817 quo
728 3753 854 3799 marcum
865 3749 1020 3810 Samariam
1036 3748 1105 3798 multi
1113 3750 1226 3816 Ligarius

176 3824 320 3874 orrlebatur:
345 3824 387 3873 alii
410 3825 463 3874 ἀπὸ
486 3825 610 3891 κυβιστᾷν
630 3829 678 3887 τὴν
728 3834 753 3872 et
765 3825 879 3882 hunua-
896 3840 939 3889 pro
953 3825 1027 3873 Coun
1040 3823 1112 3873 etiam
1127 3826 1225 3877 Clausae

176 3898 300 3962 κεφαλὴν,
316 3896 342 3945 id
358 3906 403 3955 est,
420 3913 435 3945 ι
454 3899 538 3962 ospitis
555 3899 678 3955 rotatione,
728 3897 897 3961 reponendum.
929 3899 1031 3946 Perseus
1041 3896 1104 3945 enim
1113 3906 1138 3945 et
1147 3899 1225 3948 Tenes

175 3970 243 4036 quod
255 3971 374 4035 propriam
385 3971 590 4020 estraeerdoturn.
729 3987 790 4019 erce
808 3971 893 4021 inclusi
908 3971 1011 4028 luerunt,
1028 3987 1101 4034 quum
1117 3971 1141 4018 in
1160 3987 1224 4021 mare

210 4046 269 4094 ⁴59.
287 4043 360 4108 lupae
370 4045 459 4108 ρειιιι]
478 4046 594 4095 Atalanta
608 4061 678 4111 supe.
730 4045 946 4112 praecipitabantur.
978 4046 1031 4094 Nos
1045 4045 1115 4109 plura
1129 4043 1160 4090 de
1179 4044 1223 4092 boc

172 4129 227 4168 rata
238 4121 270 4167 ab
282 4119 433 4184 Hippomene
443 4136 521 4176 cumn,
533 4135 601 4169 verse
608 4129 644 4168 est
653 4118 678 4168 in
728 4118 781 4167 loco
792 4120 853 4168 notis
862 4120 1008 4169 uberioribus
1018 4118 1043 4167 in
1053 4115 1156 4166 medinm
1167 4131 1222 4180 pro·

172 4194 286 4248 lenum.
305 4192 390 4242 orento
406 4193 431 4240 in
449 4193 541 4242 leonem
558 4208 678 4248 converso,
729 4191 837 4242 lerenius.
870 4193 903 4240 H.
