2806 5018
301 326 368 392 432
549 321 618 386 AD
641 319 816 385 LIVIAM
838 318 1107 386 AUGUSTAM

305 496 378 569 Hic
396 493 486 579 tibi;
507 516 594 567 mox
608 493 748 567 Veneri
766 492 896 576 Caesar
912 491 1124 591 promissus
1144 501 1321 587 uterque.

354 610 436 683 Hos
454 609 569 682 debet
586 609 686 681 solos
706 605 844 681 Martia
864 607 987 681 Roma
1006 606 1125 680 Deos.
1287 609 1352 677 246

306 725 370 799 Sic
388 724 559 798 cecinere
579 723 671 795 Deae
690 751 699 811 ;
729 746 799 796 nec
818 734 872 808 tu,
891 721 1081 808 Tiberine,
1102 744 1293 819 repugna,

356 840 487 927 Irrite;
517 864 587 913 nec
607 839 778 910 flammas
797 839 909 911 amne
926 862 1070 911 morare
1085 849 1178 925 tuo;

307 956 390 1031 Nec
404 956 554 1053 juvenis
572 953 684 1053 positi
703 978 899 1050 supremos
918 953 1071 1026 destrue
1088 953 1273 1027 honores.

356 1071 463 1145 Vade
481 1094 563 1166 age,
584 1081 623 1142 et
640 1068 814 1142 admissis
832 1069 958 1142 labere
976 1093 1121 1165 pronus
1140 1069 1271 1166 aquis.
1288 1073 1351 1141 250

307 1185 434 1272 Paret,
454 1199 493 1259 et
510 1187 548 1259 in
565 1186 718 1280 longum
738 1184 924 1281 spatiosas
943 1184 1113 1281 explicat
1132 1184 1281 1270 undas;

359 1301 590 1397 Structaque
608 1300 787 1398 pendenti
806 1300 955 1397 pumice
973 1310 1077 1373 tecta
1094 1301 1219 1373 subit.

308 1416 477 1490 Flamma
495 1417 559 1488 diu
577 1427 755 1490 cunctata
771 1426 889 1512 caput
905 1415 1126 1511 contingere
1145 1426 1330 1499 sanctum,

359 1531 504 1604 Erravit
520 1531 643 1628 posito
662 1533 765 1604 lenta
776 1532 847 1602 sub
866 1553 988 1626 usque
1005 1540 1100 1603 toro.
1287 1534 1350 1602 254

307 1646 478 1720 Tandem
489 1647 553 1718 ubi
567 1648 768 1745 complexa
778 1659 837 1720 est
847 1647 972 1732 silvas,
984 1646 1248 1744 alimentaque
1260 1635 1351 1720 suni·

358 1766 515 1840 AEthera
531 1767 714 1863 subjectis
731 1765 864 1839 lambit
882 1777 921 1837 et
935 1775 1037 1837 astra
1053 1765 1192 1839 comis.
1282 1765 1351 1862 [sit

309 1881 441 1965 Qualis
460 1881 497 1953 in
516 1879 716 1954 Herculeae
734 1881 894 1954 colluxit
910 1881 1069 1954 collibus
1090 1881 1211 1968 OEtae,

360 1995 487 2079 Quum
506 2006 595 2068 sunt
611 1996 786 2093 imposito
804 1996 971 2069 membra
989 1996 1276 2097 crematurDeo.

311 2110 440 2183 Uritur
458 2109 551 2183 heu!
579 2111 694 2184 decor
711 2111 773 2185 ille
791 2112 871 2199 viri,
891 2136 1153 2209 generosaque
1171 2113 1303 2197 forma,

361 2223 411 2298 Et
427 2224 557 2298 faciles
574 2225 721 2314 vultus;
751 2226 869 2298 uritur
887 2227 948 2299 ille
966 2226 1090 2322 vigor!
1285 2231 1352 2300 260

310 2454 613 2519 cquirAehemnutugitss’
632 2457 707 2518 (Hor.
718 2456 809 2506 utor.
859 2473 914 2520 ergo
931 2457 1084 2506 mutandum:
1103 2455 1161 2506 sarri
1177 2465 1261 2506 tamen
1276 2464 1354 2522 pontt,

313 2528 351 2590 ³.)
368 2527 414 2576 Sed
425 2527 549 2577 historicos
560 2528 684 2578 audiamus
694 2549 699 2578 ε
711 2537 726 2560 “
737 2530 809 2580 luisse
858 2533 879 2580 si
889 2531 992 2587 daretur,
1002 2532 1112 2579 «amieo.

311 2599 390 2655 credo,
405 2600 484 2664 inquit
500 2600 591 2658 livius,
607 2603 649 2651 lib.
668 2606 688 2651 l.
703 2606 808 2669 euplii.
891 2606 949 2654 252.
978 2606 1115 2667 Structoque
1141 2607 1255 2666 madanti
1276 2607 1355 2666 penta

311 2681 361 2722 turn
378 2689 472 2738 quoque
490 2675 591 2738 aliquos,
606 2678 647 2740 qui
664 2677 808 2744 discerptum
860 2687 917 2726 tecta
939 2678 1022 2740 arbit]
1041 2677 1079 2726 Ita
1096 2678 1186 2743 passim
1200 2678 1268 2743 apud
1283 2687 1355 2744 poetar

310 2756 404 2811 patrum
428 2747 538 2795 manibus
563 2749 630 2797 taciti
659 2752 808 2814 arguerent.”
859 2765 915 2799 sarra
937 2751 1027 2814 quevis
1043 2765 1118 2806 erosa,
1137 2752 1170 2799 de
1190 2752 1282 2816 quibua
1297 2766 1354 2800 racia

312 2819 435 2869 Plutarch.
447 2821 577 2884 quoquein
589 2823 681 2871 Romul.
861 2825 966 2872 Dearum
987 2840 1015 2872 ac
1032 2824 1201 2887 Nympharum
1221 2836 1290 2874 antra
1304 2841 1354 2873 cort·

345 2895 403 2942 245.
421 2895 623 2958 Occurramque]
641 2897 721 2946 Julius
730 2897 810 2945 Caesar
860 2906 1002 2953 struxerunt,
1017 2902 1115 2959 pumicea
1126 2909 1256 2955 vocantur,
1274 2910 1314 2948 aut
1328 2910 1356 2946 to·

311 2975 336 3015 et
348 2967 477 3030 Augustus,
488 2971 607 3028 promissor
616 2980 715 3033 uterque
729 2971 811 3019 Veneri
859 2971 907 3032 plu,
931 2970 954 3017 iu
974 2971 1059 3034 quibus
1085 2975 1185 3032 penam
1208 2973 1306 3021 verbum
1325 2982 1356 3020 ert

313 3042 343 3089 ab
365 3042 416 3105 ipso
435 3040 510 3090 Jove':
535 3042 614 3091 Julius
634 3043 738 3106 quidem,
755 3046 811 3092 AEn.
861 3042 962 3092 maxime
973 3045 1099 3108 proprium.

312 3115 328 3162 i.
348 3116 411 3174 3903
428 3117 551 3179 Augustus
571 3132 633 3172 vero,
651 3117 753 3164 llletam.
769 3134 810 3164 xv.
894 3117 1031 3165 254.Lcntn
1042 3120 1083 3165 rub
1093 3120 1247 3183 usquam]
1260 3121 1357 3174 t'erue.

313 3188 370 3235 819.
861 3192 902 3237 ribi
927 3208 1010 3252 usquc:
1029 3190 1146 3253 Scaliger,
1168 3195 1236 3240 lento
1256 3197 1356 3257 subitque.

346 3262 402 3309 249.
415 3260 464 3308 Nsc
467 3264 563 3322 juvenis
572 3266 640 3324 positi
650 3279 761 3320 supranos
772 3266 810 3311 ‹lc-
863 3265 946 3311 Neutri
963 3264 1143 3321 adherendum,
1162 3281 1241 3329 quum
1262 3284 1298 3316 rea
1314 3268 1356 3330 ipra

311 3343 374 3381 atras
392 3334 504 3396 horrores]
535 3335 588 3383 Nec
606 3351 687 3398 rogum
703 3335 809 3399 dejicias,
861 3354 953 3386 sensum
964 3347 1012 3385 tam
1024 3348 1103 3400 aperte
1115 3339 1236 3389 declaret.
1263 3343 1358 3390 flamma

312 3415 340 3455 ut
356 3417 432 3455 certus
448 3423 507 3463 eras,
525 3408 549 3455 in
564 3424 634 3472 quern
650 3409 811 3457 honorandum
861 3412 922 3459 enirn
941 3421 1050 3460 cunctata
1066 3415 1119 3464 diu.
1131 3415 1204 3477 quasi
1220 3414 1313 3464 timeret
1325 3432 1356 3462 cr·

312 3496 421 3545 supremo
432 3481 627 3543 funerejuotnem
638 3491 773 3546 posuerunt.
860 3495 902 3545 put
918 3495 1022 3532 sanctum
1038 3483 1190 3550 contingere,
1208 3488 1304 3553 corripit
1318 3486 1358 3552 pri·

345 3555 404 3602 250.
416 3557 523 3604 Admissis
536 3558 609 3603 labere
618 3573 704 3617 pronus
722 3556 807 3618 aquia]
861 3573 934 3613 mum,
946 3567 970 3606 et
981 3558 1044 3605 lente
1061 3561 1159 3621 (morte)
1171 3561 1244 3624 ligna
1252 3563 1355 3627 depectit,

314 3627 429 3682 Immittit,
444 3629 513 3677 codd.
524 3630 639 3685 nonnulli,
650 3640 674 3678 et
685 3639 742 3678 vett.
755 3629 810 3677 edd.
860 3647 913 3694 quae
923 3640 970 3678 torn
981 3630 1074 3679 lucrant
1083 3633 1205 3696 subjecta.

313 3701 343 3749 ad
366 3716 437 3748 unam
456 3718 551 3750 ornnes:
578 3714 601 3752 et
623 3714 685 3751 recte
707 3704 810 3767 quidem.
893 3705 1192 3766 atasclsseruumttrer
1203 3707 1354 3769 mrsu-is]

314 3775 395 3830 Quum
404 3776 465 3821 enim
475 3776 549 3832 Mars,
561 3778 634 3824 lubere
643 3793 729 3837 pronas
739 3779 810 3839 aquo,
861 3779 980 3826 Flammas
992 3779 1116 3841 eleganter
1130 3799 1208 3830 comae
1225 3785 1354 3847 dicitque.

313 3846 380 3901 dicit,
400 3846 509 3894 Fluvium
527 3858 614 3903 monet,
627 3859 661 3903 ut,
673 3848 772 3911 receptis
786 3849 811 3896 in
862 3868 934 3916 quum
951 3851 1022 3899 altius
1034 3856 1259 3912 exsurrexeriuuin
1270 3857 1353 3906 totide-

313 3920 381 3968 alveo
398 3921 474 3983 aquis,
486 3937 539 3983 quaa
550 3921 574 3967 in
586 3937 667 3984 rogum
680 3922 751 3969 Drusi
761 3922 811 3986 jam
862 3924 951 3988 apices,
962 3923 1102 3989 capillorum
1116 3943 1194 3985 more,
1205 3932 1274 3995 quasi
1284 3930 1352 3978 ttae·

310 3994 362 4059 jam
378 3993 531 4040 immittenda
548 3993 717 4050 intumuerant,
728 4012 813 4055 pronus
862 3996 1029 4052 dissolvuntur,
1045 4008 1071 4047 et
1087 4012 1207 4065 perpetuo
1224 4019 1253 4052 ac
1271 3998 1353 4052 volubili

315 4069 422 4123 labatur,¹
446 4065 471 4113 id
489 4074 534 4120 est,
552 4083 599 4130 quo
620 4083 677 4115 suus
697 4084 751 4116 eum
771 4070 815 4116 lert
863 4079 927 4118 motu
939 4080 1001 4118 astra
1012 4071 1125 4120 videntur
1136 4076 1246 4125 lunden.

313 4140 434 4194 decurras,
456 4139 564 4204 placidus
585 4150 704 4205 sequatur.
747 4141 814 4189 Nihil
896 4144 952 4192 260.
973 4144 1003 4191 Et
1013 4145 1101 4208 facila
1120 4150 1218 4198 ordtm:
1233 4150 1352 4199 erltsrillr
