2806 5018
529 374 637 441 lBIS.
774 425 779 434 ,
1039 375 1104 442 4⁷9

57 536 146 614 Huc
165 566 309 640 precor,
329 543 403 618 huc
421 557 564 621 vestras
582 570 712 621 omnes
731 546 913 621 advertite
930 557 1091 637 mentes,

109 656 161 729 Et
177 658 290 734 sinite
307 662 448 758 optatis
466 663 614 760 pondus
632 662 757 736 inesse
774 661 883 735 meis.
1056 667 1106 735 70

56 771 225 870 Ipsaque
242 785 283 847 tu
301 774 443 863 Tellus,
463 777 588 874 ipsum
605 801 692 850 cum
710 776 888 849 fluctibus
905 775 1062 874 AEquor,

110 888 199 987 Ipse
216 914 333 977 meas,
348 892 491 979 AEther,
508 893 651 991 accipe,
664 915 823 978 summe,
839 915 995 990 preces:

58 1003 284 1103 Sideraque,
304 1017 344 1080 et
358 1007 472 1081 radiis
486 1007 720 1081 circumdata
739 1006 839 1080 Solis
857 1007 1002 1103 imag03

111 1117 307 1218 Lunaque,
328 1146 413 1219 quae
431 1146 638 1219 nunquam,
658 1145 734 1221 quo
752 1121 869 1219 prius,
883 1145 948 1196 ore
964 1121 1104 1212 micas3

58 1235 229 1333 Noxque
247 1239 487 1312 tenebrarum
505 1239 632 1337 specie
650 1237 854 1312 reverenda
870 1247 1036 1326 tuarum3
1058 1239 1106 1310 75

112 1348 285 1448 Quaeque
302 1365 424 1427 ratum
441 1354 580 1451 triplici
599 1353 734 1452 pollice
751 1352 849 1427 netis
867 1376 984 1449 opus;

60 1462 215 1561 Quique
233 1490 302 1564 per
318 1467 482 1541 infernas
500 1469 686 1542 horrendo
700 1490 889 1541 murmure
905 1467 1021 1541 valles

112 1578 370 1678 Imperjuratae
388 1583 525 1656 laberis
543 1583 663 1657 amnis
681 1606 816 1680 aquae3

60 1693 244 1792 Quasque
263 1697 388 1772 serunt
405 1709 503 1772 torto
521 1698 663 1771 vittatis
680 1720 802 1793 angue
821 1696 969 1795 capillis

114 1810 285 1886 Carceris
304 1815 484 1886 obscuras
502 1823 589 1886 ante
608 1812 739 1886 sedere
756 1811 876 1899 fores3
1061 1818 1110 1886 80

60 1922 140 1999 Vos
168 1950 334 2025 quoque,
363 1930 471 2027 plebs
500 1928 702 2026 Superum,
730 1926 861 2012 Fauni,
892 1927 1109 2026 Satyrique,

214 2042 420 2143 Luesque,

114 2159 376 2257 Fluminaque,
389 2171 428 2234 et
443 2160 480 2233 N
483 2162 646 2260 ymphae,
664 2161 959 2259 Semidequue
977 2184 1110 2259 genus,

65 2273 242 2371 Denique
261 2277 308 2347 ab
327 2277 482 2373 antiquo
502 2275 589 2349 Divi
606 2287 829 2374 veteresque
848 2278 1022 2375 novique,

116 2387 163 2460 In
180 2402 347 2464 nostrum
365 2393 490 2466 cuncti
509 2404 659 2491 tempus
678 2393 822 2478 adeste,
837 2392 963 2466 Chao!

65 2504 247 2579 Carmina
259 2506 349 2580 dum
368 2509 483 2606 capiti
501 2511 676 2584 malefido
693 2510 773 2583 dira
790 2521 988 2596 canuntur,
1064 2512 1112 2581 85

117 2618 168 2693 Et
185 2633 370 2718 peragunt
388 2634 514 2721 partes
532 2626 587 2698 ira
603 2625 788 2722 dolorque
805 2648 914 2698 suas:

65 2734 233 2809 Adnuite
252 2739 393 2835 optatis
412 2763 543 2814 omnes
562 2764 611 2814 ex
630 2740 759 2813 ordine
777 2738 928 2825 nostrie,

120 2847 171 2922 Et
188 2875 274 2948 pars
292 2853 343 2926 sit
359 2853 434 2927 voti
454 2856 557 2929 nulla
575 2854 720 2928 caduca
737 2854 823 2927 mei.

67 2963 242 3063 Quaeque
260 2991 404 3065 precor,
424 2969 537 3044 fiant:
560 2979 695 3042 utnon
711 2992 797 3043 mea
809 2961 928 3054 dicta,
949 2967 1016 3041 sed
1033 2967 1098 3040 illa

119 3078 330 3179 Pasiphaes
348 3084 476 3180 generi
493 3085 608 3159 verba
624 3083 740 3158 fuisse
757 3094 880 3180 putet.
1065 3085 1116 3155 90

100 3248 143 3298 77.
162 3249 272 3314 Quique]
292 3251 394 3301 Invocat
408 3254 506 3318 Stygem
523 3269 564 3321 pa·
615 3252 696 3319 petrii.
713 3251 735 3301 Ii
746 3250 851 3317 compita
861 3259 963 3300 serrant.
979 3248 1040 3299 Inde
1050 3264 1115 3299 com-

64 3322 157 3379 ludcm,
170 3323 238 3390 cujus
253 3324 303 3374 filia
317 3325 434 3383 Victoria,
450 3343 524 3392 quum
540 3328 566 3376 in
615 3326 699 3391 pitulie
709 3326 777 3382 festa,
788 3335 813 3374 et
822 3324 874 3374 dies
886 3323 992 3373 attributi
1003 3321 1113 3381 laribus,

63 3395 131 3444 bello
157 3396 276 3461 Giganteo
301 3415 369 3464 opem
397 3401 478 3448 tulerit
502 3400 566 3458 Jori,
617 3400 705 3466 quibus
715 3401 740 3448 in
749 3399 858 3465 compitis
868 3396 1053 3447 sacrificabatur.

65 3469 155 3518 meruit
167 3479 194 3519 ut
208 3471 289 3520 metris
302 3488 388 3521 nomen
401 3472 567 3538 jusjurandum
649 3475 691 3522 82.
704 3474 871 3537 statutumque
878 3472 973 3538 genua]
993 3469 1116 3520 Hierocles

65 3550 132 3593 met
141 3544 261 3593 Deorum:
280 3546 344 3611 quod
354 3546 396 3611 qui
407 3546 513 3604 fallebat,
525 3563 566 3596 uu·
617 3547 642 3596 in
653 3548 733 3597 Carnu.
743 3546 848 3611 Pythug.
858 3561 906 3594 ver.
917 3545 938 3595 l.
949 3545 994 3593 hoc
1005 3545 1040 3593 ite
1047 3544 1113 3593 illur-

64 3632 123 3666 vem
142 3616 226 3668 diebus
243 3620 338 3669 carebat
354 3628 464 3680 nectare3
481 3619 568 3685 Virgil.
618 3630 677 3670 trat:
700 3625 804 3686 Πρῶτσν
813 3618 955 3679 ἀθανάτους
966 3618 1057 3677 Oeclei
1068 3634 1118 3668 πα·

66 3692 128 3740 AEn.
138 3690 170 3741 ri.
181 3706 231 3741 rer.
247 3695 309 3742 324:
328 3700 344 3722 ⁴‘
356 3693 397 3741 Dii
410 3694 478 3758 cujus
487 3696 568 3760 jurare
618 3693 669 3760 ρὼν
680 3693 756 3758 λόγος
768 3691 884 3758 ἐσήμαινε,
899 3695 929 3743 τὸ
943 3690 967 3742 δὲ
976 3691 1061 3756 μέσον,
1069 3691 1118 3743 Ἥ·

66 3765 289 3822 tirnent,etsellere
300 3768 411 3815 numen.''
619 3786 685 3834 ρωας
701 3767 820 3832 &pavore
834 3769 875 3816 καὶ
894 3769 923 3817 τὸ
939 3767 1048 3832 ἔσχατον
1065 3766 1118 3816 δαί·

102 3837 143 3887 79.
163 3838 263 3895 Virtutis,
275 3840 335 3902 etc]
355 3840 446 3904 Ligatis
456 3849 569 3905 tanquam
619 3860 700 3908 μονας
710 3840 899 3906 καταχθονίους·
916 3849 1010 3907 propter
1020 3841 1119 3893 virtuter

64 3910 147 3960 vittis:
170 3927 226 3961 nnnr
249 3913 360 3962 vittarum
388 3914 441 3963 loco
463 3915 571 3963 tribuunt
619 3915 719 3966 enimin
735 3916 801 3964 Deos
811 3915 980 3964 referebantur.
1013 3915 1061 3963 Hic
1076 3930 1118 3965 au·

65 3984 188 4048 unguibus
195 3986 308 4035 contortis
317 3987 448 4036 revinctum
458 3997 538 4052 caput.
620 3998 668 4038 tem
681 3997 750 4054 poeta
760 3989 877 4037 minorum
887 3987 992 4052 gentium
1001 3987 1066 4035 Deos
1076 3986 1118 4034 ad·

102 4059 143 4108 81.
164 4060 206 4109 Vos
222 4077 315 4123 thqru,
331 4063 414 4125 plebs]
434 4062 476 4109 Dii
495 4061 568 4110 mino-
620 4063 695 4129 pellat
705 4061 835 4111 Semideos.

65 4147 122 4182 rum
141 4133 260 4197 gentium,
278 4151 338 4198 quoe
356 4144 381 4184 et
401 4135 506 4200 plebeius
528 4135 570 4184 ud·
654 4138 695 4184 90.
708 4135 941 4202 Pariploergoreri.]
952 4133 1070 4181 Theseum
1082 4132 1118 4181 in-

65 4205 154 4273 pellet.
188 4207 311 4273 Lauteque.
346 4208 388 4258 Dii
406 4208 530 4258 domestici
548 4216 572 4256 et
623 4209 683 4266 nuit,
704 4210 734 4258 ob
754 4209 852 4259 ductum
870 4206 1010 4262 Ariednem,
1029 4203 1120 4254 Minoia
