2806 5018
474 357 736 427 Fas‘rottutt
759 355 854 429 LIB.
875 356 933 431 II.¹
1159 361 1226 431 nt

174 535 259 610 Nec
277 557 404 624 mora3
433 533 558 608 uelato
574 530 658 629 figit
674 555 745 607 sua
759 541 916 629 pectora
931 530 1028 612 terro
1040 544 1061 622 ;'

225 650 278 726 Et
294 651 399 729 cadit
409 649 449 724 in
463 648 605 749 patrios
623 648 912 745 sauguinolenta
928 649 1060 747 pedes.

171 766 282 847 Tuus
300 791 455 866 quoque
467 768 549 864 jam
566 765 745 853 moriens,
765 789 813 839 ne
831 789 907 843 uon
920 766 1145 863 procumbat
1158 765 1224 842 ho-

226 882 423 981 Respicit:
443 883 524 961 hac
541 882 656 960 etiam
673 905 765 959 cura
782 881 953 958 cadentis
970 893 1063 958 erat.
1085 884 1222 978 [nesta

174 998 280 1083 Ecce
298 1022 414 1097 super
431 1023 568 1098 corpus
585 999 801 1075 communia
818 999 957 1074 damna
974 1009 1183 1096 gementes,

228 1114 349 1192 Obliti
366 1114 527 1202 decoris,
542 1116 673 1212 virque
692 1126 876 1214 paterque
889 1117 1033 1212 jacent.
1153 1119 1226 1189 836

175 1229 321 1305 Brutus
335 1230 464 1320 adest;
481 1232 713 1327 tandemque
722 1231 847 1307 animo
861 1253 931 1305 sua
944 1229 1096 1305 uomina
1107 1228 1204 1305 fallit
1214 1241 1229 1320 ;'·

228 1344 402 1442 Fixaque
421 1346 617 1420 semanimi
635 1370 790 1444 corpore
809 1347 887 1419 tela
904 1345 1022 1443 rapit3

177 1460 472 1558 Stillantemque
497 1471 630 1538 teneus
648 1484 832 1558 generoso
850 1460 1032 1556 sanguine
1050 1459 1225 1547 cultrum,

229 1574 361 1654 Edidit
377 1576 586 1675 impavidos
603 1600 669 1652 ore
685 1576 855 1654 minante
871 1598 1007 1651 sonos:
1153 1577 1228 1648 sto

176 1691 256 1767 Per
271 1692 343 1771 tibi
359 1718 432 1790 ego
444 1694 544 1771 hunc
553 1695 641 1791 juro
656 1693 791 1768 fortem
804 1703 1029 1790 castumque
1041 1714 1226 1779 cruorem,

229 1806 383 1906 Perque
400 1819 485 1886 tuos
504 1808 655 1895 Manes,
674 1808 739 1906 qui
757 1807 851 1883 mihi
867 1831 1008 1883 numen
1026 1816 1157 1894 erunt3
1230 1873 1233 1877 ,

175 1923 425 2022 Tarquinium
442 1949 573 2023 poenas
589 1924 748 2024 profuga
764 1949 851 1998 cum
869 1924 987 2020 stirpe
1003 1923 1191 1999 daturum.

228 2037 316 2113 Jam
334 2040 426 2114 satis
444 2050 505 2112 est
520 2039 638 2112 virtus
656 2039 893 2112 dissimulata
910 2039 987 2111 diu.

177 2154 254 2229 Illa
264 2156 400 2252 jacens
418 2153 467 2228 ad
477 2155 592 2228 verba
604 2155 734 2229 oculos
748 2154 829 2230 sine
840 2152 981 2228 lumine
995 2150 1131 2240 movit;
1154 2154 1230 2225 845

228 2267 398 2365 Visaque
417 2292 604 2343 concussa
619 2269 723 2344 dicta
740 2269 899 2367 probare
917 2292 1037 2342 coma.

175 2383 313 2472 Fertur
331 2383 369 2458 in
387 2384 591 2480 exsequias
608 2384 723 2459 animi
747 2395 918 2459 matrona
934 2381 1075 2472 virilis;

231 2498 282 2573 Et
300 2523 430 2575 secum
447 2500 634 2599 lacrymas
651 2500 905 2599 invidiamque
923 2499 1050 2575 trahit.

210 2715 270 2764 832.
286 2714 318 2764 la
329 2718 402 2779 podas,
412 2732 457 2781 pro
470 2716 502 2767 ad
518 2717 603 2782 pedes.
629 2719 679 2767 Hu·
730 2721 789 2767 AEn.
805 2719 838 2767 iv.
852 2719 916 2767 ³14:
937 2717 1012 2767 “Per
1030 2732 1075 2780 ego
1093 2715 1230 2781 haslacry-

176 2800 248 2845 nate,
262 2789 384 2847 daosuter,
403 2789 572 2855 εὐσχημόνως.
600 2791 681 2842 Julius
731 2794 807 2842 mas.”
832 2793 887 2842 Liu.
908 2792 973 2840 xxiii.
990 2793 1020 2841 9:
1039 2791 1115 2840 “Per
1135 2805 1181 2856 ego
1197 2799 1231 2848 te,

177 2863 272 2920 cam,
289 2878 364 2928 quum
381 2863 560 2921 interficeretur,
578 2865 681 2914 “sinum
731 2866 774 2924 lili,
792 2881 952 2932 quacumque
968 2865 1049 2932 jura,”
1071 2873 1117 2913 etc.
1153 2865 1233 2914 Virtus

178 2938 209 2986 ad
224 2939 276 2987 ima
293 2953 362 2987 crura
376 2938 485 2995 deduxit,
496 2954 544 3004 quo
561 2938 682 2989 honestius
731 2944 882 2997 dissimulata,
903 2938 990 2996 celata,
1009 2938 1067 3004 qnia
1083 2940 1173 2987 Brutus
1192 2947 1234 3002 ty.

178 3012 301 3062 eaderet.”
326 3011 546 3077 PrauuuteEurip.
559 3014 682 3063 Headdd.
731 3016 799 3064 rauai
820 3022 886 3064 metu
907 3029 933 3062 ue
952 3013 1051 3063 stultum
1072 3012 1232 3060 simulaverat.

178 3097 274 3136 veteres
290 3085 379 3151 passim
401 3085 463 3135 lanc
481 3086 619 3135 cadentium
639 3102 682 3136 cu·

178 3176 231 3209 ram
249 3168 371 3216 notarunt,
386 3159 457 3208 atad
470 3161 571 3209 llletam.
581 3159 615 3209 iii.
626 3162 683 3210 4⁷9.

178 3242 205 3283 et
215 3232 248 3282 ad
258 3231 323 3280 Ptin.
334 3233 381 3281 tv.
392 3233 438 3298 Ep.
449 3233 483 3282 si.
493 3234 517 3282 9.
532 3233 582 3298 jam
591 3233 684 3282 monui-

178 3321 243 3354 ruus.
259 3305 358 3354 Poterat
367 3304 447 3370 igitur,
458 3314 486 3355 ut
495 3320 532 3354 res
542 3305 607 3362 trita,
619 3321 684 3355 nuno

178 3378 268 3429 amitti.

214 3453 275 3502 837.
302 3452 390 3501 Nomen
411 3453 489 3511 Bruti,
510 3453 560 3502 sive
585 3453 683 3519 stupidi,

179 3526 247 3592 quud
263 3525 287 3575 ei
303 3535 501 3592 percontandum
512 3525 615 3576 inditum
625 3537 683 3586 erat,

178 3610 205 3651 et
225 3601 297 3667 eujus
317 3600 366 3648 uiua
385 3600 465 3650 adhuc
487 3600 623 3650 simulando
642 3617 684 3650 aa·

178 3682 309 3742 premnt,
324 3690 388 3724 uuae
404 3675 501 3724 tundent
511 3675 583 3741 fallit
601 3679 684 3732 naimo,

177 3749 282 3799 oonsilio
299 3764 328 3798 aa
344 3748 432 3798 virtute
454 3749 567 3806 ostendit,
586 3764 611 3798 se
633 3764 685 3797 esse

177 3823 358 3889 ingeniolouga
366 3822 422 3873 alio.
438 3823 503 3872 ilino
514 3823 593 3873 catari
604 3831 685 3889 stupe·

177 3898 250 3954 bant,
260 3902 277 3926 ⁴⁴
289 3897 352 3946 unde
370 3913 457 3947 novum
469 3897 494 3947 iu
508 3897 578 3948 Bruti
589 3907 685 3963 peotme

177 3971 335 4036 imm„

214 4045 274 4093 tul.
286 4045 334 4094 Pur
345 4047 386 4093 titi
398 4045 458 4109 ega]
476 4046 506 4094 la
521 4044 686 4094 obtestationi·

176 4123 230 4170 bus
245 4127 271 4168 et
286 4118 426 4183 juramentis
439 4134 502 4185 sape
517 4118 557 4167 hio
566 4119 624 4168 ordo
634 4134 686 4168 ver·

175 4195 268 4244 borum
292 4193 444 4258 perturbatus
464 4192 588 4259 reperitur.
619 4191 688 4258 Virg.

732 3091 801 3138 Lars.

765 3164 821 3212 845.
850 3161 904 3210 Sine
923 3164 1009 3209 lutmins
1027 3158 1052 3206 id
1073 3157 1137 3225 quod
1157 3163 1233 3205 mortu

732 3244 849 3300 paratos,
860 3250 903 3299 per
913 3248 972 3298 quos
980 3233 1031 3297 Jam
1042 3230 1101 3278 nihil
1112 3228 1233 3278 uomebat.

734 3311 847 3358 Gonoussa
868 3325 931 3356 como
952 3306 1077 3371 approbat,
1094 3310 1121 3353 ut
1137 3303 1234 3368 Jupiter

733 3383 797 3448 apud
806 3383 903 3430 Homer.
924 3380 972 3429 Sed
981 3381 1060 3445 inepte
1071 3379 1134 3428 hune
1144 3377 1234 3437 lusum,

734 3464 777 3505 aut
797 3456 843 3505 hou
862 3455 1000 3520 figmentum
1017 3452 1076 3502 huie
1092 3451 1136 3500 tali
1154 3465 1234 3500 uam·

735 3530 793 3579 tioai
804 3531 937 3595 subjeetum
949 3527 1056 3577 arbitror.
1080 3527 1170 3575 Melius
1179 3525 1235 3576 Me-

735 3613 793 3653 tam.
807 3604 825 3652 i.
845 3604 903 3652 666.
925 3600 955 3651 de
973 3600 1078 3667 Dapltne
1096 3598 1121 3648 iu
1141 3599 1234 3649 laurum

735 3686 827 3727 mutatu
837 3677 915 3726 simile
925 3677 1063 3741 figmentum
1076 3673 1193 3722 additum.

768 3752 827 3799 stt.
845 3751 931 3803 Fertur
942 3753 968 3798 in
980 3752 1092 3813 numptius
1103 3764 1154 3813 pru,
1168 3746 1236 3812 effer·

736 3837 785 3874 tar.
819 3826 925 3890 Scaliger
940 3823 1038 3891 conjicit
1050 3824 1171 3887 Exsequias
1180 3821 1236 3888 sur·

736 3910 784 3957 tar,
794 3907 821 3948 ut
834 3900 925 3949 dictum
940 3899 971 3948 sit
983 3895 1184 3964 quemadmodum
1199 3912 1236 3945 aa·

735 3976 875 4038 topatiusire.
910 3973 991 4022 Sauum
1004 3971 1237 4034 iuoidlometluesy·

736 4064 784 4095 mus
800 4049 881 4103 trahit,
898 4055 1018 4111 quatenus
1037 4044 1063 4101 ii,
1080 4043 1123 4109 qui
1140 4043 1235 4101 adsunt,

737 4121 854 4185 lacrymas
880 4119 992 4175 tundunt,
1014 4121 1154 4180 turriumque,
1173 4115 1237 4172 odio,

738 4195 896 4245 exardescunt
910 4195 936 4242 in
947 4191 1112 4258 Tarquinium.
1148 4189 1195 4238 Pro
1211 4202 1238 4236 se
