2806 5018
175 371 240 440 518
573 362 832 430 Excuasus

176 539 340 605 Henricus
370 536 553 620 Stephanus
584 537 731 620 Epistola
759 538 800 601 ad
832 537 1038 601 Ludovicum
1069 535 1229 600 Castelre

173 651 268 715 mum,
286 662 358 723 quae
378 638 511 722 praefixa
530 646 581 702 est
599 638 733 701 editioni
748 660 815 701 suae
830 638 901 702 libri
915 637 995 703 Jaui
1013 637 1180 702 Parrhasii
1193 637 1227 699 (le

174 742 271 806 rebus
286 762 345 824 per
359 739 527 822 epistolam
545 739 699 822 quaesitis,
715 749 737 775 “
750 737 834 824 Age,
847 740 962 824 iuquit,
982 751 1018 802 tu
1035 741 1227 824 quicumque

175 840 338 914 Beroaldi‚
356 850 412 902 aut
429 839 562 904 Domitii
578 839 698 922 scripta
712 861 774 903 uon
797 841 889 904 uuius
911 841 1003 915 assis,
1021 863 1093 924 prae
1111 841 1149 903 iis
1163 859 1225 923 qna

175 943 271 1007 bodie
294 944 443 1015 eduntur,
468 942 655 1005 aestimanda
676 950 782 1024 putas,
801 942 878 1025 qnid
902 943 973 1007 sine
998 942 1176 1014 Beroaldo,
1194 961 1225 1002 ac

177 1046 332 1118 Domitio,
358 1043 492 1126 aliisque
523 1043 711 1126 hujusmodo
742 1043 902 1126 magistris
927 1043 1028 1106 scribi
1055 1044 1098 1105 ab
1125 1061 1223 1105 eorum

174 1148 310 1230 posteris
332 1146 473 1229 potuisse
494 1144 656 1207 arbitraris
664 1143 695 1207 3⁸⁵
741 1143 862 1226 Neque
882 1143 970 1207 enim
991 1144 1103 1207 solum
1126 1142 1224 1206 Domi-

174 1248 238 1310 tius
262 1248 344 1311 hunc
364 1245 476 1309 Ovidii
498 1246 650 1320 libellum,
667 1247 725 1309 sed
747 1247 845 1309 etiam
865 1245 1036 1310 Ciceronis
1059 1244 1224 1329 Epistola,

177 1347 370 1421 Martialem,
379 1347 402 1413 J
406 1347 584 1422 uvenalem,
595 1347 723 1430 Papinii
739 1347 853 1420 Silvas,
867 1345 1078 1421 Suetonium,
1092 1356 1127 1410 et
1140 1366 1224 1430 quos·

176 1451 248 1514 dam
264 1449 342 1512 alios
358 1449 528 1531 scriptores
542 1448 712 1512 enarravit.
759 1448 911 1531 Denique
926 1456 976 1511 tot
991 1456 1150 1531 tantaque
1164 1446 1223 1510 elli·

176 1552 234 1625 dit,
259 1550 366 1614 aiebat
388 1550 555 1633 Egnatius,
580 1559 660 1632 quot
682 1557 866 1632 quantaque
892 1550 924 1613 in
952 1549 1013 1613 hoo
1043 1569 1166 1634 genme
1188 1547 1224 1610 all

176 1650 257 1714 banc
278 1651 362 1714 diem
384 1671 488 1713 nemo.
533 1650 583 1714 Eo
604 1650 800 1723 factumest,
817 1658 854 1712 ut
868 1649 1001 1713 acerbas
1017 1672 1096 1714 cum
1112 1647 1226 1713 aemulis

175 1751 353 1817 simultates
368 1752 562 1826 exercuerit,
577 1775 597 1816 a
615 1753 730 1835 quibus
751 1752 904 1836 piperatis
924 1752 1064 1816 literulis
1084 1750 1225 1836 perstric-

174 1867 226 1922 tus
247 1858 318 1932 luit,
333 1857 420 1940 quod
441 1857 501 1920 sibi
521 1865 737 1940 comparatam
755 1857 977 1920 auctoritatem
992 1857 1139 1921 retinere
1154 1875 1224 1940 qua

176 1961 225 2025 vis
246 1960 369 2024 ratione
390 1969 424 2022 et
444 1968 513 2023 arte
533 1960 763 2033 contenderem
786 1967 884 2043 atque
905 1959 952 2022 ita
971 1960 1091 2023 crudos
1112 1959 1225 2044 ingenii

177 2063 228 2127 sui
241 2063 341 2126 foetus
357 2060 503 2124 emittere
518 2068 650 2125 coactus
663 2059 716 2133 sit,
732 2061 849 2143 quibus
864 2061 1051 2144 provectior
1065 2070 1147 2125 aetas
1159 2080 1227 2145 pu·

177 2163 229 2229 oul
255 2163 352 2228 dubio
379 2163 595 2226 maturitatem
622 2161 791 2225 attulisset.
836 2161 969 2244 Quippe
993 2170 1014 2197 “
1033 2161 1228 2226 anctoritan’s

177 2273 243 2331 tam
268 2287 395 2349 maguae
420 2265 511 2339 fuit?
537 2263 641 2347 inquit
665 2262 814 2347 Angelus
841 2263 1020 2328 Politianus
1051 2263 1226 2329 Miscellaa.

178 2390 249 2452 cap.
272 2368 305 2432 9.
331 2375 353 2403 “
368 2376 405 2431 ut
428 2365 543 2431 Romae
567 2367 651 2430 inter
671 2367 869 2449 professores
886 2367 1019 2450 juvenis
1043 2368 1150 2433 adbuc
1169 2368 1228 2452 pri·

177 2488 259 2533 mam
282 2469 501 2533 celebritatem
523 2468 582 2533 sibi
596 2467 816 2543 vindicaverit,
833 2469 924 2553 cujus
945 2469 1083 2534 tuendae
1099 2491 1140 2535 ac
1157 2470 1226 2535 reti·

177 2570 293 2633 nenda
307 2572 410 2654 gratia
425 2570 544 2633 sactum
561 2570 752 2651 compluries
767 2579 929 2653 putamus,
944 2580 983 2634 ut
994 2571 1030 2634 in
1047 2573 1116 2647 suis
1129 2573 1226 2655 spai-

176 2670 235 2734 bus
254 2670 391 2735 frontem
414 2671 625 2752 perfricuerit,
643 2680 676 2733 et
698 2694 757 2754 per
779 2694 881 2756 aequa,
900 2674 1094 2757 periniqua
1113 2674 1225 2738 samu

176 2779 317 2854 captans,
334 2793 445 2853 parum
462 2793 504 2834 ex
519 2772 582 2835 fide
598 2774 757 2856 quaepiam
777 2774 940 2847 retulerit;
964 2774 1121 2838 nonnulla
1135 2776 1224 2838 etism

175 2875 257 2938 male
274 2875 372 2937 solers
387 2886 421 2937 et
436 2874 652 2958 praestigiosas
667 2876 806 2958 speciem
823 2878 953 2959 quidem
972 2878 1148 2959 primorem
1164 2877 1226 2939 ren'

177 2976 336 3050 babentia,
352 2998 468 3061 magno
484 2978 684 3040 credentium
699 2979 869 3060 dispendio
885 2980 1056 3042 sententiis
1072 2979 1226 3063 ignorabi-

176 3077 258 3141 libus
273 3078 477 3160 implicuerit,
491 3088 525 3141 et
539 3079 715 3161 pulverem,
730 3081 814 3162 quod
830 3081 928 3152 aiunt,
943 3080 1047 3142 oculis
1062 3080 1226 3152 offuderit3

177 3191 243 3253 aut,
260 3181 361 3243 sicubi
376 3183 474 3264 major
489 3182 669 3253 difficultas
683 3203 743 3244 nec
759 3182 924 3253 absistens,
939 3202 1000 3244 uec
1016 3183 1226 3265 congrediens

176 3302 265 3363 spem
287 3283 414 3345 lectoris
434 3283 575 3345 eluserit.
622 3281 683 3355 Ita,
701 3283 776 3344 dum
799 3282 922 3345 nescire
940 3303 977 3344 se
996 3282 1077 3346 nibil
1096 3284 1225 3366 probare

177 3385 352 3456 contendit,
377 3386 474 3447 etiam
500 3385 626 3447 Parthis
650 3385 819 3467 aliquoties
842 3393 876 3446 et
900 3384 1119 3449 Cretensibus
1144 3405 1224 3447 neu·

175 3484 284 3547 dacior
299 3486 489 3550 invenitur.”
528 3485 608 3549 Ideo
625 3485 770 3568 Rapbael
790 3478 1035 3559 Volaterranos,
1048 3485 1224 3568 Anthropo

175 3585 279 3668 logioe,
297 3587 350 3650 lib.
367 3589 434 3651 xxi.
450 3588 582 3669 dignum
598 3610 683 3661 eum,
700 3597 734 3649 ut
755 3588 795 3649 de
813 3586 919 3649 Coelio
936 3586 1163 3666 Quintilianus
1175 3587 1221 3656 ait,

174 3686 239 3748 vita
262 3687 413 3768 longiore,
429 3689 559 3772 ingenio
582 3699 688 3751 tamen
710 3689 843 3751 meliore
862 3689 1073 3751 existimavit
1120 3691 1222 3769 Quum

173 3786 256 3848 enim
280 3789 475 3871 trigesimum
495 3800 643 3872 quartum
663 3790 766 3852 estatis
785 3810 903 3851 annum
924 3789 1098 3872 attigisset,
1118 3790 1222 3855 Roma

172 3887 364 3969 pestilentia,
383 3892 433 3952 vel
450 3903 485 3953 ut
500 3893 615 3954 Jovius
631 3900 816 3965 auctorest,
834 3891 924 3954 febre
941 3904 1127 3975 correptas,
1142 3895 1221 3956 obiit

174 3989 232 4051 llle
253 3990 320 4071 ipse
344 4000 403 4062 est,
425 4013 521 4071 quem
540 3993 580 4055 de
601 3992 756 4055 sacrificio
775 3992 839 4064 illo,
857 3994 943 4075 quod
961 3993 1146 4078 Gregorius
1161 3995 1219 4058 Na

174 4091 343 4155 zlanzeuus
362 4097 521 4165 ἀναίμακτον
535 4098 636 4161 θυσίαν,
651 4093 806 4176 Synffllus
825 4101 934 4166 τελετὴν
948 4099 1088 4173 &alpiam
1103 4107 1218 4167 vocali,
