2806 5018
346 362 605 438 FASTORUM
628 364 719 431 LIB.
744 363 806 430 IV.
1036 367 1101 433 em

52 536 165 631 Rege
185 533 321 620 Numa,
341 535 462 610 fructu
482 561 556 610 non
574 537 824 635 respondente
842 538 972 625 labori,

105 649 218 722 Irrita
234 649 384 749 decepti
401 661 488 725 vota
502 652 660 726 colentis
678 662 796 727 erant.

54 764 157 839 Nam
175 765 286 838 modo
304 766 428 839 siccus
446 779 526 841 erat
545 768 679 863 gelidis
700 769 939 864 aquilonibus
957 793 1098 858 annus3

106 880 143 952 N
149 905 220 953 unc
239 905 328 976 ager
345 882 496 955 assidua
510 882 726 956 luxuriabat
744 908 854 980 aqua.

55 996 170 1093 Saepe
190 996 307 1070 Ceres
326 998 455 1093 primis
472 998 666 1070 dominum
684 997 838 1071 fallebat
856 999 893 1071 in
912 998 1060 1086 herbis;

106 1109 159 1183 Et
176 1110 268 1183 levis
285 1111 440 1184 obsesso
459 1112 585 1185 stabat
602 1136 720 1186 avena
738 1113 839 1186 solo:
1026 1117 1099 1187 646

56 1225 109 1298 Et
126 1250 244 1324 pecua
261 1237 348 1301 ante
367 1227 466 1302 diem
484 1239 615 1324 partus
632 1228 769 1301 edebat
786 1228 963 1316 acerbos;

106 1340 294 1439 Agnaque
313 1344 502 1416 nascendo
521 1369 622 1442 saepe
641 1345 803 1418 necabat
820 1369 938 1419 ovem.
969 1352 973 1357 ’

57 1455 163 1530 Silva
177 1466 297 1543 vetuo,
317 1459 498 1555 nullaque
515 1460 581 1532 diu
598 1460 735 1533 violata
751 1461 885 1546 securi,

109 1570 257 1656 Stabat,
277 1570 453 1646 Maenalio
471 1598 577 1647 sacra
594 1576 724 1649 relicta
743 1575 837 1649 Deo.
1025 1578 1100 1648 650

57 1686 129 1759 llle
147 1686 262 1760 dabat
279 1688 404 1762 tacitis
423 1690 546 1763 animo
565 1715 745 1788 responsa
762 1692 891 1789 quieto

108 1800 318 1878 Noctibus:
347 1805 407 1878 hic
426 1807 594 1901 geminas
613 1831 679 1880 rex
699 1806 826 1880 Numa
843 1815 984 1880 mactat
997 1829 1098 1879 oves.

56 1916 188 1990 Prima
204 1917 306 1991 cadit
323 1917 472 2008 Faun03
502 1922 578 1994 leni
596 1922 699 1995 cadit
717 1923 833 1995 altera
852 1921 1017 1995 Somno:

108 2032 297 2105 Sternitur
314 2034 351 2106 in
369 2035 462 2108 duro
479 2037 599 2110 vellus
617 2047 819 2132 utrumque
838 2037 928 2110 solo.

88 2201 148 2249 644.
166 2202 229 2266 Ager
243 2204 333 2250 arndeo
352 2204 483 2251 luxuriabat
496 2221 554 2267 apua
605 2203 680 2261 Iucua,
691 2203 715 2253 in
726 2220 773 2269 qno
784 2203 858 2252 Fauni
869 2201 960 2251 fatidici
970 2201 1100 2259 oraculum,

54 2283 136 2341 ponet
147 2276 344 2340 esae,obaqnarn
360 2277 478 2325 assiduam
488 2293 553 2342 aage-
605 2293 620 2327 a
638 2296 686 2344 qno
701 2288 784 2343 gentas
802 2278 870 2327 Itale
887 2276 966 2326 dubiia
986 2277 1011 2325 in
1032 2276 1102 2325 rebua

55 2358 92 2397 tea
105 2357 209 2397 onerata
220 2349 342 2398 fertilitate
352 2352 554 2416 procumbebaut;
604 2368 715 2418 reaponaa
741 2353 863 2418 petebant,
888 2352 922 2399 ita
949 2349 1053 2415 quidem,
1075 2361 1102 2397 nt

54 2421 159 2476 Pliniua,
172 2421 267 2470 XVIII.
277 2423 334 2471 xilv.
342 2425 366 2471 2.
399 2425 487 2473 Verum
499 2425 554 2475 huic
604 2425 762 2474 creaiaovibus
770 2427 813 2473 aub
825 2431 894 2472 nocte
904 2421 991 2480 silenti,
999 2423 1101 2488 pellibus

54 2495 120 2543 rnalo
137 2495 242 2543 succurri
259 2495 374 2561 potuiaaet
387 2495 555 2561 depascand03
604 2500 744 2548 incubarent
756 2499 843 2554 atratis,
853 2497 991 2562 oomniaqna
1006 2511 1103 2562 exspec-

54 2568 146 2633 virgil.
156 2569 243 2633 Georg.
254 2570 271 2619 i.
284 2571 337 2618 112.
360 2571 422 2634 Ergo
434 2574 554 2622 luxuriare
604 2581 690 2621 tarent.
724 2573 763 2620 De
782 2589 812 2621 ea
829 2588 854 2620 re
870 2572 967 2620 verbum
982 2571 1102 2637 proprium

54 2660 125 2706 qua,
146 2642 220 2691 nimia
247 2659 315 2707 aqna
341 2645 410 2709 copia
436 2647 554 2696 laborare:
604 2648 721 2700 incubare,
730 2646 897 2710 ἐγκοιμᾶσθαι.
913 2645 998 2692 Siloam
1006 2659 1103 2700 moram,

55 2719 160 2765 lunaria
168 2732 236 2765 omne
245 2717 342 2766 nimInm
353 2736 360 2777 3
379 2718 479 2776 Plinius,
488 2719 522 2767 ir.
536 2723 556 2769 I.
605 2729 632 2767 nt
641 2720 689 2776 hic,
702 2720 736 2768 aie
747 2719 820 2767 etiarn
831 2720 891 2767 Mat.
903 2718 938 2766 iii.
951 2719 993 2766 28.
1002 2718 1102 2765 circnm-

55 2793 158 2839 lluarorit
179 2791 279 2839 lamio.
313 2792 373 2849 Quia
400 2793 435 2840 sic
462 2794 556 2857 plenam
606 2792 723 2856 loquitur;
741 2792 795 2841 vide
808 2792 841 2839 ibi
857 2800 944 2840 notam.
980 2790 1103 2839 Moeuolim

55 2879 158 2912 metuam
169 2863 556 2928 pollicebantur,eacoelihumore
607 2866 679 2922 Deru,
701 2869 807 2921 Faunus,
828 2881 899 2929 quem
919 2864 1006 2928 passim
1026 2873 1101 2928 poeta

55 2938 235 3001 degenerabant
246 2938 270 2987 in
281 2957 376 2987 coenam
390 2941 501 2989 folliculis
515 2957 556 2990 va·
607 2938 685 2987 Latini
693 2956 747 2988 curn
760 2941 835 2994 Pane,
844 2939 896 2986 Deo
905 2936 1036 2992 Arcadum,
1047 2952 1103 2987 con·

56 3011 126 3070 enin
146 3010 249 3068 Pliniua,
270 3013 366 3061 XVIII.
385 3013 442 3061 xvii.
463 3016 485 3061 l.
518 3016 556 3063 De
607 3013 719 3062 fundunt.
751 3014 789 3061 De
806 3013 886 3059 Fauno
901 3020 979 3058 autern
994 3010 1048 3058 vide
1065 3008 1102 3057 iii.

55 3101 130 3132 auena
141 3083 184 3131 illa
195 3085 238 3133 leni
253 3094 293 3134 ant
309 3086 374 3134 Inani
389 3086 443 3135 vide
459 3086 513 3135 intt.
526 3088 556 3136 ad
607 3089 639 3136 84
651 3096 675 3135 et
683 3089 729 3135 291
740 3104 793 3151 sqq.
804 3102 851 3150 quo
863 3086 915 3132 loco
925 3095 949 3132 et
959 3083 1009 3148 ipre
1020 3083 1102 3131 Numa

56 3156 195 3220 Virgilium,
210 3158 299 3222 Georg.
316 3158 334 3207 i.
351 3160 404 3207 154.
419 3160 460 3207 ubi
475 3161 556 3225 infelix
607 3161 629 3208 ei
646 3177 712 3209 sacra
729 3159 794 3207 tacit.
828 3161 910 3205 aalma
928 3159 1002 3218 quleto
1022 3155 1102 3204 dativo

55 3232 137 3278 lolium
150 3239 176 3278 et
189 3234 276 3280 steriles
285 3249 360 3281 onena
375 3233 556 3297 conjunguntur.
607 3249 672 3289 casu,
684 3233 767 3280 animia
779 3229 960 3295 quiescentibus,
972 3226 1104 3276 insomnia.

57 3305 139 3352 Stabat
151 3306 231 3353 abnuo
244 3308 297 3362 eolo,
308 3307 386 3354 stabat
396 3308 439 3363 alc,
451 3316 476 3354 ut
487 3323 556 3356 omna
607 3308 686 3353 Somno
701 3307 772 3353 etlam
791 3304 912 3351 Romanoa
927 3316 995 3351 auara
1011 3301 1102 3358 Ieoiaae,

55 3377 134 3425 aulum
156 3377 271 3441 repletum
293 3386 389 3427 teneret.
424 3381 523 3428 Acerdos
541 3397 556 3428 a
606 3380 661 3428 binc
689 3379 804 3427 videmus.
837 3376 909 3425 Nunc
930 3375 1010 3423 Nurna
1037 3374 1103 3432 lacit,

56 3449 134 3514 pontia
151 3449 282 3499 immaturis
300 3452 439 3501 tranalatum
459 3453 489 3500 ad
509 3454 556 3501 alia
607 3453 664 3518 quia
674 3453 698 3500 in
709 3450 796 3500 somnia
810 3449 930 3498 oraculum
941 3449 1103 3514 exspectabat.

56 3522 194 3579 immatura,
205 3524 320 3588 (Nonius,
332 3525 364 3573 ir.
382 3525 435 3586 44.)
452 3543 514 3574 nunc
525 3527 556 3575 ad
627 3523 1101 3588 654-660.Qniaomniaexapectabant‚

54 3606 140 3662 pertua
153 3598 278 3648 immature
292 3599 376 3649 editoe.
408 3601 455 3649 Sed
472 3602 506 3649 ita
520 3618 556 3650 re·
607 3600 642 3649 ita
659 3616 684 3649 ae
704 3612 835 3665 preparare
851 3596 967 3653 uolebant,
986 3604 1013 3645 ut
1031 3595 1104 3646 abati·

54 3669 166 3718 dnndara
187 3670 279 3721 videtur
302 3685 356 3722 outa
379 3676 446 3723 dum.
479 3675 558 3723 Possis
608 3682 692 3722 nerent
717 3672 748 3720 ab
774 3669 890 3726 omnibns,
917 3686 971 3735 qne
999 3678 1104 3719 ventrem

54 3745 130 3808 igitur
140 3749 329 3809 putare,aeerboa
339 3747 428 3796 dictum
439 3765 480 3813 pro
491 3765 556 3797 acer·
607 3762 713 3810 gravare,
723 3744 845 3808 sanguinis
859 3751 949 3792 motum
963 3742 1105 3801 accelerare,

55 3821 90 3874 be,
109 3818 178 3883 cujna
193 3820 375 3884 explicationem
392 3821 416 3869 in
434 3838 502 3871 versu
518 3839 555 3871 ae·
608 3829 679 3882 atque
697 3818 847 3884 phantasiam
872 3817 977 3865 excitare
1000 3825 1105 3882 puaaent,

53 3891 142 3956 quenti
163 3896 257 3941 uacabat
277 3894 372 3943 habeat.
411 3896 496 3945 Malim
518 3907 555 3944 ta·
606 3909 620 3940 a
639 3893 740 3948 Venere,
759 3893 789 3940 ab
808 3908 852 3940 usu
871 3890 986 3947 carnium,
1005 3898 1054 3938 turn
1077 3898 1104 3939 ut

53 3980 114 4013 men
127 3975 209 4030 partus
222 3968 300 4031 pecori
315 3968 407 4017 dolores
424 3969 558 4018 adferentes
607 3967 736 4031 aquaviva
750 3981 775 4014 aa
787 3967 903 4013 lavarent.
936 3963 999 4013 Vide
1014 3963 1103 4013 Pottari

52 4037 202 4102 Intelligere.
608 4040 726 4089 Arcbaeol.
744 4040 761 4088 i.
781 4055 837 4104 pag.
859 4040 915 4086 682.
935 4037 992 4087 adit.
1014 4039 1103 4086 Ramb.

61 4146 62 4150 ,
88 4113 148 4162 649.
169 4114 247 4161 Luem
262 4131 299 4180 aq.
316 4115 404 4180 pendet
420 4131 434 4164 a
448 4115 557 4179 Virgilio,
608 4116 647 4163 De
658 4116 762 4180 fontana
775 4131 836 4176 aqua
855 4113 910 4162 ride
931 4113 961 4160 ad
981 4127 1029 4161 ver.
1048 4113 1105 4159 778.

53 4188 118 4235 AEn.
128 4185 172 4234 vii.
183 4187 213 4234 at
226 4201 281 4252 aqq.
291 4188 331 4235 nbi
341 4203 412 4253 prope
423 4188 557 4238 Albunearn
611 4188 736 4246 Iutonaum,
755 4189 813 4253 quia
827 4198 877 4236 tutn
893 4186 995 4235 nondum
1014 4184 1105 4234 tonderi
