2806 5018
350 365 405 430 IN
431 364 593 430 OVIDII
617 364 806 430 FASTOS.
1037 364 1103 431 383

171 556 236 614 Nec
249 556 357 614 frustra
371 557 517 633 signorum
531 555 627 613 obitus
640 555 822 633 speculamur
835 566 865 614 et
877 565 965 624 ortus,

172 650 418 729 Temporibusque
432 671 529 728 parem
543 649 662 708 diversis
676 662 798 727 quatuor
811 671 937 719 annum;

47 843 160 927 potius
176 842 235 906 hoc
251 842 310 905 sibi
324 844 418 916 velle,
435 851 472 905 ut
487 842 597 905 horum
613 842 765 905 fastorum
781 864 874 905 usum
890 844 1104 919 commendet,

49 966 150 1028 quam
164 945 235 1028 ipsa
249 946 354 1008 sidera
369 947 539 1009 observare
551 946 675 1030 jubeat,
693 945 825 1029 egregie
841 947 881 1008 ad
898 945 928 1007 h.
946 946 967 1008 l.
984 947 1107 1010 notavit

50 1045 151 1111 Voss.
198 1048 285 1127 Quin
307 1069 350 1110 ex
369 1047 417 1110 his
431 1049 507 1131 ipsis
523 1047 649 1122 tabulis,
667 1047 782 1130 quibus
797 1055 962 1110 auctorum
980 1049 1108 1111 nomina

53 1150 271 1234 probabiliter,
287 1150 339 1213 vel
362 1151 394 1212 in
419 1149 527 1223 titulis,
549 1150 599 1213 vel
623 1150 655 1212 in
678 1147 810 1233 singulis
834 1149 1107 1214 observationibus

54 1254 217 1336 adscripta
245 1262 347 1326 erant,
376 1253 552 1316 astronomi
580 1253 627 1314 illi
656 1252 815 1314 duumviri
841 1250 953 1314 Conon
980 1259 1014 1314 et
1040 1251 1106 1315 Eu-

54 1356 192 1431 doxust,
210 1378 287 1441 quos
302 1356 429 1440 Virgilii
452 1366 559 1440 pastor
582 1353 697 1439 poculo
719 1354 895 1437 insculptos
917 1354 1037 1430 habuit,
1052 1375 1107 1437 pa·

55 1459 195 1521 storibus
212 1467 246 1520 et
260 1458 406 1543 agricolis
422 1458 597 1521 innotuisse
613 1466 770 1540 poterant.
795 1456 864 1519 Ecl.
883 1456 927 1519 iii.
942 1457 1003 1519 40:

176 1607 213 1664 In
227 1607 320 1666 medio
333 1607 391 1665 duo
402 1607 494 1685 signu,
509 1608 608 1665 Concu
622 1618 652 1664 et
666 1607 730 1685 quis
743 1607 801 1665 fuit
815 1606 897 1675 alter,

179 1701 343 1780 Descripsit
357 1700 441 1759 radio
453 1709 539 1759 totum
554 1700 603 1779 qui
615 1701 749 1779 gentibus
762 1701 865 1769 orbem,

182 1797 333 1875 Tempora,
349 1817 412 1875 quoe
425 1816 540 1864 messor,
554 1817 617 1875 qnoe
631 1816 738 1854 curvus
751 1804 851 1853 arator
864 1795 988 1854 babent.

106 1963 167 2029 IV.
191 1964 317 2028 Praeter
345 1965 534 2029 Graecorum
559 1972 593 2026 et
615 1963 908 2027 Alexandrinorum
936 1963 1109 2028 observati·

60 2089 151 2140 ones,
173 2067 246 2130 aliae
270 2068 366 2129 etiam
389 2068 422 2129 in
444 2064 540 2128 Italia
562 2065 716 2129 institutas
741 2072 954 2138 accesserant,
976 2065 1066 2129 verbi
1079 2088 1109 2128 c.

62 2169 301 2251 Caesarisapud
318 2168 459 2232 Plinium
480 2189 567 2250 saepe
589 2168 665 2230 satis
682 2176 818 2238 exacta,
835 2173 869 2228 et
883 2166 958 2230 fasti
972 2167 1110 2250 plerum-

61 2293 127 2354 que
154 2280 188 2334 et
216 2270 349 2334 Graecas
373 2280 408 2333 et
431 2270 593 2333 Romanas
615 2269 753 2353 junctim
779 2267 931 2331 exhibere
956 2267 1110 2334 solebant.

64 2372 223 2436 Plurimas
239 2382 317 2436 vett.
341 2372 590 2446 observationes,
608 2372 714 2455 quoad
735 2371 903 2434 veritatem
926 2373 1111 2435 astronomi·

62 2497 134 2538 cam
150 2476 280 2560 egregie
296 2484 330 2538 et
345 2484 459 2537 exacte
475 2476 516 2538 ad
534 2473 661 2537 Petavii
680 2473 803 2536 fabulas
821 2473 1028 2556 propriosque
1049 2473 1112 2538 cal-

62 2578 153 2639 culos
170 2578 329 2650 discussit,
346 2587 379 2639 et
395 2577 549 2640 horizonti
565 2598 699 2660 aevoque
719 2576 784 2638 suis
799 2576 940 2639 reddidit
956 2576 999 2639 ill.
1016 2576 1112 2640 Plan.

63 2680 85 2743 l.
102 2703 130 2742 c.
178 2681 368 2764 Priusquam
390 2682 580 2744 verosimili
604 2680 777 2743 rationein
799 2679 987 2761 quibusdam
1004 2679 1115 2743 Ovidii

63 2781 143 2846 locis
169 2784 208 2845 ad
235 2785 401 2846 veritatem
426 2782 668 2846 astronomicam
695 2782 882 2845 revocandis
907 2781 1113 2858 versabimur,

64 2895 111 2957 et,
133 2885 211 2968 quid
236 2886 276 2948 de
297 2886 335 2948 iis
354 2885 566 2968 judicandum
590 2886 641 2958 sit,
664 2883 854 2956 videbimus,
876 2883 987 2965 paucis
1007 2883 1045 2946 de
1063 2906 1115 2947 or·

68 2997 157 3050 tuum
176 2997 208 3050 et
228 3010 389 3051 occasuum
412 2989 496 3070 apud
518 3000 646 3050 veteres
668 2986 801 3049 diversis
821 2983 995 3070 generibus,
1018 2985 1115 3047 etde

66 3089 212 3152 veritatis
235 3090 454 3153 astronomicae
480 3089 686 3172 probabiliter
711 3086 896 3169 quaerendae
923 3086 1043 3148 ratione
1068 3087 1115 3149 di-

66 3192 207 3254 cendum
230 3201 289 3255 est.
335 3191 473 3255 Veteres
498 3191 583 3254 enim
604 3190 713 3254 Graeci
738 3196 811 3250 ante
838 3185 1005 3250 Thaletem
1027 3187 1116 3265 (vida

67 3300 177 3376 supra)
194 3303 385 3378 apparentes
406 3293 530 3356 nonnisi
551 3301 638 3355 ortus
658 3311 856 3373 occasusque
876 3288 1064 3372 spectabant
1084 3299 1119 3354 ct

67 3396 115 3457 ita
129 3396 252 3459 nonnisi
268 3396 462 3469 dividebant,
477 3405 512 3458 ut
528 3403 632 3457 ortum
644 3393 787 3472 (ἐπιτολὴν)
799 3402 833 3454 et
848 3411 995 3454 occasum
1010 3393 1118 3469 (iteca)

68 3498 121 3560 vel
142 3499 342 3573 matutinum,
360 3497 411 3560 vel
426 3497 642 3581 vespertinum
664 3517 734 3558 esse
755 3495 961 3558 indicarent¹.
1007 3493 1117 3574 Quum

103 3707 114 3740 t
130 3699 256 3749 Eudoxum
267 3708 347 3748 autem
356 3716 406 3748 esse
417 3700 493 3756 illum,
501 3700 569 3765 cujus
621 3697 656 3747 rel
669 3697 764 3762 quando
777 3696 842 3745 sidus
856 3695 957 3761 primum
968 3698 992 3745 in
1003 3696 1065 3747 coelo
1076 3713 1119 3764 ap·

70 3791 157 3824 nomen
169 3791 215 3822 uon
230 3776 334 3840 suppetit
349 3774 451 3830 canenti,
462 3775 492 3822 ob
508 3774 570 3822 cele·
619 3778 687 3837 paret
701 3770 825 3835 diligenter
840 3770 954 3834 distingui
972 3770 1022 3819 vult
1037 3772 1120 3821 Gemi·

69 3851 122 3904 bre,
135 3849 198 3913 quod
209 3849 261 3913 ejus
272 3849 325 3897 lasti
338 3849 401 3913 apud
415 3847 513 3897 rusticos
527 3848 569 3895 ha·
621 3861 664 3893 uus
675 3851 710 3911 (e.
721 3844 767 3905 xi.)
777 3845 829 3893 ἀπὸ
840 3844 1032 3904 τῆςάνατολῆς,
1041 3844 1119 3903 idest,

69 3924 266 3978 bebant,nomeu
280 3922 416 3986 neminique
430 3920 569 3976 secuudum,
620 3928 671 3967 ortu
691 3919 829 3984 quotidiano
850 3927 902 3983 post
923 3918 980 3966 solis
1000 3933 1120 3968 occasum.

69 3998 119 4044 lere
131 3995 279 4060 exploratum
290 4005 334 4044 est.
364 3995 425 4045 Vide
440 3995 571 4051 Lucanum,
621 3994 698 4044 Δὺσιν
717 3994 774 4043 item
792 3994 845 4043 ἀπὸ
864 3997 910 4054 τῆς
927 3992 1047 4057 apsidatas,
1065 4008 1119 4057 ques

70 4070 155 4117 Phara.
168 4086 190 4116 r.
206 4071 259 4117 187.
621 4078 700 4118 tamen
711 4085 780 4118 voces
795 4069 882 4134 sepius
897 4076 1081 4121 commutantur,
1094 4073 1121 4114 ut

104 4151 113 4174 ²
129 4144 273 4203 Ἐπιτολήν,
284 4145 307 4193 id
319 4155 353 4194 est
370 4154 569 4197 cannamomum,
621 4146 708 4208 passim
720 4144 829 4209 reperies.
