2806 5018
290 394 552 463 morosum
575 398 667 464 us.
693 400 763 467 Ill.
981 402 1047 474 1oe

144 567 240 642 iudo
258 568 394 667 capitis
411 569 529 645 fertur
546 572 627 646 sine
642 584 761 649 matre
779 578 925 674 paterni

144 685 208 770 icc,
226 706 315 756 eum
332 686 470 784 clypeo
489 689 706 785 prosiluisse
724 692 818 764 suoi

144 799 177 874 ia
193 801 415 898 perdomitis
434 803 482 877 ad
497 828 565 877 nos
583 806 732 904 captiva
751 806 908 881 Faliscis

144 925 168 1002 t,
184 925 224 988 et
241 916 312 989 hoc
332 917 454 1015 ipsum
473 918 580 992 litera
594 920 719 1018 prisca
736 922 874 996 docet?

144 1029 182 1103 >d
201 1031 317 1104 habet
334 1033 467 1129 legem,
483 1034 618 1132 capitis
629 1059 715 1133 quae
729 1036 895 1134 pendere
909 1062 1040 1137 poenas

144 1147 186 1219 lo
199 1148 334 1244 jubeat
350 1148 449 1222 furta
466 1159 615 1248 reperta
631 1151 741 1224 loco?
968 1158 1040 1228 846

144 1285 285 1357 umque
304 1263 420 1336 trahis
439 1265 582 1339 ratione
601 1266 795 1354 vocabula,
816 1266 956 1354 Pallas,

144 1377 298 1452 lucibus
316 1381 453 1453 nostris
471 1381 594 1478 aegida
610 1405 760 1480 semper
776 1380 888 1457 habe.

144 1517 153 1565 ι
169 1492 251 1567 dies
269 1516 291 1567 e
309 1494 479 1592 quinque
496 1497 608 1570 tubas
625 1498 785 1572 lustrare
803 1520 960 1573 canoras

146 1617 246 1693 onst,
266 1618 305 1681 et
322 1609 406 1682 forti
424 1611 635 1686 sacrificare
654 1612 759 1686 Dese.
968 1617 1042 1689 850

144 1733 233 1796 stes
251 1724 299 1796 ad
317 1725 436 1798 solem
455 1727 605 1800 sublato
623 1727 749 1801 dicere
766 1728 894 1817 vultu3

144 1862 224 1912 rere
241 1839 429 1937 Phryxeoe
447 1841 585 1915 vellera
601 1842 740 1940 pressit
754 1841 848 1916 ovis.

144 2035 155 2071 ι,
164 2015 200 2064 val
211 2016 275 2080 quod
286 2032 315 2064 ex
326 2017 413 2066 vertice
425 2034 489 2066 sum·
539 2019 586 2069 riu.
600 2028 625 2068 ct
644 2035 658 2068 a
674 2035 746 2068 manu
764 2019 841 2084 prima
858 2019 951 2069 Zulich.
984 2020 1042 2078 Dso,

144 2103 226 2137 ιιιιιιιιιι
240 2089 317 2138 terens
332 2090 439 2148 emicuit,
452 2100 489 2140 st·
539 2100 566 2141 ut
576 2094 644 2141 Mars
657 2090 812 2156 intelligatur,
822 2091 861 2141 eui
871 2106 940 2141 sacra
950 2090 1040 2142 meunt

144 2179 164 2211 m
176 2164 285 2212 accincta
295 2165 446 2215 terroribus.’'
538 2166 590 2216 hac
602 2166 679 2231 priora
687 2164 831 2222 tubilustria,
842 2174 869 2214 ut
884 2165 961 2215 ultera
972 2179 1041 2219 nran-

144 2236 336 2286 uciseCamillo
347 2236 490 2288 dediderunt
538 2239 571 2288 sis
587 2238 648 2287 Maii
666 2237 786 2287 Vulcano.
819 2237 849 2286 Ei
866 2237 964 2288 lectioni
983 2255 1041 2289 saus

144 2311 202 2370 Nih
219 2310 308 2367 Livius,
319 2328 342 2360 v.
352 2312 393 2359 24.
412 2311 489 2377 Capta
539 2311 688 2376 aliquantum
708 2310 854 2362 auctoritatis
872 2309 965 2361 addunt
979 2312 1041 2361 Ver·

144 2398 179 2440 m,
197 2384 238 2431 Dii
256 2384 307 2446 ejus
325 2383 410 2432 deduci
428 2386 489 2432 sole·
538 2384 586 2433 rius
610 2393 635 2432 et
656 2382 745 2448 Lydus,
768 2399 867 2448 quorum
893 2383 944 2442 ilie,
968 2385 1041 2435 Foris

144 2489 148 2506 .
163 2458 204 2504 22.
237 2457 318 2504 Litora
333 2460 417 2518 prisca,
435 2459 489 2507 libri
540 2458 625 2514 Marti,
637 2456 685 2513 hic,
698 2457 833 2522 Καθαρμὸς
844 2456 1041 2523 raheri-(ymn-

144 2529 208 2578 ralas.
243 2532 288 2587 An,
300 2533 358 2592 quod
375 2531 440 2579 hahet
457 2533 488 2579 ls-
537 2528 676 2595 pul’nploc
689 2531 731 2580 sui
746 2531 863 2594 Νερίνης.
894 2531 1041 2595 ItaqueGe·

144 2604 217 2652 locus
228 2603 331 2651 difficilis
341 2612 413 2667 utque
425 2603 488 2653 haud
538 2619 589 2652 seu.
600 2622 625 2671 p.
638 2606 679 2653 3³.
691 2619 739 2652 uon
752 2603 847 2653 dubitat
862 2618 916 2654 eam
930 2605 1040 2670 preferre

144 2686 212 2743 rptus.
247 2678 353 2739 Reperiri
374 2693 425 2725 esse
445 2678 487 2726 de·
538 2679 656 2742 vulgata:
679 2677 722 2727 sed
739 2676 775 2726 vir
793 2676 878 2727 doctus
894 2679 919 2727 iu
938 2679 1040 2745 Ephem.

144 2751 183 2799 rtis
200 2750 281 2799 docuit
300 2750 426 2810 Heinsius;
445 2751 487 2799 sed
538 2751 638 2801 Haleus.
654 2752 794 2801 aun.1808.
813 2769 837 2801 ιι.
852 2754 893 2801 74.
909 2752 972 2802 hanc
989 2762 1040 2802 tus·

157 2824 204 2871 inco
219 2825 332 2886 reperiri?
349 2823 401 2871 Illis
410 2824 487 2872 verbis
539 2832 584 2881 tur,
596 2825 703 2890 ursortis
715 2824 765 2873 Dsu
776 2825 807 2874 sit
816 2824 855 2874 rel
868 2824 988 2880 hfiuerra,
1001 2824 1039 2875 vel

144 2896 402 2960 *euitvulgatrecepru
435 2896 485 2944 Ne·
538 2897 616 2963 potius
642 2897 741 2955 Nerine,
763 2897 850 2946 Martis
877 2914 943 2948 uxor.
979 2898 1039 2946 Eam

144 2976 162 3026 t,
179 2971 233 3034 quis
251 2974 314 3019 locus
333 2969 488 3033 intelligatur.
539 2968 602 3018 enim
616 2986 629 3019 e
641 2970 734 3037 propria
743 2970 847 3019 nominis
857 2970 894 3019 sui
904 2968 986 3018 Sabini
997 2984 1039 3034 po-

144 3042 267 3093 insumam
278 3053 314 3093 est
328 3043 403 3092 illud:
413 3044 489 3108 suna
539 3053 623 3094 testate
631 3045 721 3110 sortem
732 3045 804 3093 Deum
820 3043 868 3092 dici
879 3058 957 3107 posse.
992 3043 1040 3107 Ly·

144 3122 275 3181 lerspoenss
285 3120 374 3180 cupitis.
407 3117 489 3165 Festus
538 3117 598 3165 dus:
618 3117 704 3181 νερίνη
713 3114 900 3182 γὰρὴἀνὸρία.
934 3115 1037 3173 Summe,

164 3199 182 3221 ‘¹
194 3192 310 3257 Capitalis
324 3191 400 3245 lucus,
411 3191 452 3238 ubi
469 3191 488 3238 si
539 3189 632 3238 ultima.

144 3279 183 3313 um
203 3274 247 3321 est,
269 3264 347 3329 capite
367 3263 488 3312 violatoris
571 3261 710 3310 fidi-87⁶.
726 3260 765 3309 Sol
777 3260 908 3325 ingreditur
917 3259 1037 3323 mistam]

155 3341 290 3404 vigilatoris,
306 3337 371 3402 quod
390 3337 487 3394 melius)
538 3335 615 3399 Hujus
635 3333 719 3383 sideris
743 3334 808 3398 origo
831 3340 948 3382 uarmtur.
981 3332 1036 3389 Ino,

157 3410 242 3476 Itaque
260 3413 411 3460 Burmannus
430 3426 486 3458 con·
537 3407 623 3457 Cadmi
641 3408 698 3465 filia,
708 3407 861 3457 Athamantis
878 3419 947 3462 usur,
963 3420 1038 3470 quum

144 3486 182 3549 igit
197 3485 271 3532 latere
287 3485 313 3532 in
330 3483 377 3532 illis
392 3501 420 3531 er
435 3484 485 3540 iilo,
538 3482 658 3547 Phryxum
669 3490 694 3532 et
703 3481 800 3538 Hellen,
811 3496 871 3546 quos
881 3478 997 3529 Athamas
1006 3494 1037 3529 ex

160 3555 186 3606 in
206 3558 313 3624 plurimis
333 3557 387 3607 cod.
410 3560 486 3606 esitio.
539 3556 646 3621 Nephele
658 3563 782 3622 genuerat,
795 3553 849 3604 odio
859 3555 965 3611 haberet,
976 3553 1037 3603 dolia

144 3628 235 3681 Mazar.
244 3635 316 3694 punis
326 3631 487 3697 recipiendum
538 3631 607 3679 malis
622 3628 711 3687 effecit,
723 3638 750 3678 ut
764 3628 800 3677 illi
815 3627 846 3677 ad
857 3643 922 3676 aram
932 3626 1038 3677 deduce·

145 3703 310 3769 hintelligeud.
319 3705 406 3770 fures,
425 3704 489 3753 sures
538 3713 619 3753 rentur
636 3701 782 3752 immolandi.
815 3700 908 3767 Ereptis
928 3699 1038 3767 Nephele

144 3792 153 3825 ι
171 3778 234 3828 furta
251 3793 323 3844 poena
337 3779 431 3844 capitis.
466 3779 486 3826 A
538 3789 613 3828 mater
626 3777 669 3826 dat
683 3777 779 3827 arietem
797 3774 976 3831 aunnrellere,
988 3786 1039 3839 quo·

144 3856 232 3909 uticus,
243 3852 421 3916 undecumque.
538 3868 579 3917 per
590 3852 649 3900 treta
662 3849 800 3900 evehantur.
833 3848 866 3905 Is,
878 3847 919 3897 ubi
929 3846 986 3896 litus
997 3854 1035 3896 at·

144 3928 270 3976 illustrium
287 3927 344 3975 Kal.
361 3943 384 3974 ιι.
398 3925 487 3990 Aprilis
538 3926 599 3990 tigit,
610 3926 637 3974 lit
652 3924 726 3982 sidus,
737 3923 860 3988 vellusque
876 3922 927 3987 ejus
938 3936 1035 3971 aureum

144 3999 156 4048 i.
162 4000 245 4050 Martii
253 4000 324 4048 etism
332 4000 356 4048 in
363 3998 486 4048 Kalenda·
537 3999 673 4064 deportatur
683 3997 708 4046 iu
718 3995 845 4047 Colchida.

170 4072 342 4123 Lustrahantur
354 4084 434 4122 autem
449 4081 486 4122 tu·
570 4071 649 4120 Nunc.
682 4071 737 4120 Non
748 4079 793 4127 est,
801 4076 830 4117 ut
840 4068 956 4133 Neapolis
965 4072 1035 4131 puta·

144 4158 165 4194 nr
176 4146 308 4195 Varronem
320 4155 344 4195 ct
354 4147 449 4196 Festum
462 4147 486 4194 in
537 4147 587 4202 hat,
598 4145 673 4211 primo
684 4144 876 4209 Quinquatruum
886 4140 933 4196 dis,
943 4138 986 4187 sad
998 4137 1035 4185 ul·

144 4235 157 4266 ι.
190 4221 237 4269 Pro
249 4219 487 4269 DeaeUrsin.h1azn·
537 4214 947 4283 tirno,daquoinprnsimissermo.
971 4211 1034 4273 litto
