2806 5018
366 375 626 441 FASTORUM
649 376 741 441 LIB.
766 377 809 441 V.
1043 379 1107 444 201

55 543 106 616 Et
117 568 233 641 quern
244 554 343 619 nunc
355 548 647 643 gentesTiberin
658 562 872 646 noruntque
883 549 1105 648 timentque,

105 660 214 734 Tunc
233 663 346 736 etiam
365 665 491 761 pecori
509 665 777 762 despiciendus
795 689 910 738 eram.

54 777 216 850 Arcadis
235 777 400 851 Evandri
417 803 554 852 nomen
571 780 639 852 tibi
658 804 759 877 saepe
777 779 954 854 refertur:

107 891 178 965 Ille
197 916 299 965 meas
318 893 430 966 remis
449 894 595 966 advena
610 895 719 967 torsit
735 919 866 992 aquas,

53 1007 171 1080 Venit
189 1017 228 1080 et
245 1007 411 1096 Alcides,
427 1009 538 1080 turba
554 1010 755 1082 comitatus
774 1010 938 1084 Achiva:
1032 1017 1105 1084 645

102 1121 256 1209 Albula,
277 1124 308 1195 si
327 1124 490 1209 memini,
505 1134 595 1196 tunc
611 1124 701 1196 mihi
718 1149 856 1199 nomen
875 1136 967 1199 erat.

55 1237 213 1335 Excipit
229 1239 392 1337 hospitio
407 1242 584 1335 juvenem
605 1239 814 1313 Pallantius
833 1242 966 1315 heros:

108 1352 160 1426 Et
177 1354 329 1426 tandem
351 1355 455 1427 Caco
473 1356 601 1429 debita
619 1380 732 1453 poena
749 1356 864 1429 venit.
935 1427 936 1431 ,

52 1468 187 1542 Victor
205 1470 294 1554 abit,
314 1494 521 1568 secumque
540 1473 666 1554 boves,
688 1470 896 1568 Erytheida
913 1473 1091 1570 praedam,

107 1584 324 1658 Abstrahit:
354 1596 393 1659 at
410 1586 566 1660 comites
584 1587 732 1682 longius
751 1587 804 1660 ire
822 1603 974 1684 negant.
1033 1593 1107 1662 650

53 1697 274 1797 Magnaque
293 1725 379 1798 pars
399 1703 531 1775 horum
549 1703 709 1775 desertis
728 1716 881 1775 venerat
899 1704 1032 1800 Argis:

106 1815 304 1889 Montibus
321 1817 379 1890 his
398 1829 543 1916 ponunt
556 1841 740 1916 spemque
758 1816 967 1914 Laremque
980 1844 1103 1892 suum.

54 1931 170 2029 Saepe
189 1944 314 2005 tamen
333 1934 462 2029 patriae
480 1933 581 2006 dulei
601 1943 807 2028 tanguntur
825 1957 971 2019 amore;

105 2050 235 2144 Atque
254 2048 389 2145 aliquis
408 2049 570 2121 moriens
589 2050 659 2120 hoc
678 2050 790 2120 breve
809 2048 962 2121 mandat
979 2073 1097 2147 opus:

52 2162 200 2236 Mittite
220 2188 279 2236 me
298 2164 445 2249 Tiberi;
475 2164 660 2237 Tiberinis
679 2175 809 2236 vectus
829 2175 869 2235 ut
888 2163 998 2236 undis
1029 2169 1102 2238 655

106 2278 215 2351 Litus
233 2279 281 2351 ad
301 2278 496 2351 Inachium
514 2279 636 2377 pulvis
654 2278 775 2351 inanis
794 2302 890 2350 eam.

85 2511 145 2558 64³.
168 2511 206 2558 De
226 2509 330 2558 Euandri
349 2510 453 2559 adventu
464 2510 488 2572 j.
507 2513 553 2560 471
606 2520 667 2567 sent,
678 2510 716 2559 rel
727 2526 756 2558 eo
765 2509 873 2567 consilio,
881 2519 908 2559 nt
919 2525 984 2559 eram
995 2527 1063 2560 suem
1075 2513 1105 2561 sb

51 2600 110 2648 sqq.
147 2583 337 2646 Torqme.elibi
355 2587 481 2633 verberare.
517 2586 556 2633 De
606 2583 780 2634 incursionibus
807 2594 937 2633 tuerentur.
979 2585 1106 2642 Montibus,

52 2657 152 2706 nornine
174 2659 259 2705 Albula
280 2658 306 2706 ii.
329 2660 387 2706 389.
424 2659 556 2707 Pallantius
607 2668 654 2706 etc.
690 2660 800 2716 “Quum
824 2658 988 2707 aletronibus
1006 2660 1105 2708 infeste·

50 2733 118 2780 lieres
134 2748 204 2796 snpra
222 2748 269 2780 ver.
287 2733 327 2781 97.
346 2733 476 2780 Nonacrius
493 2734 555 2781 loros
606 2740 694 2787 rentur,
703 2740 820 2796 occupeto
828 2732 891 2780 edito
903 2733 973 2787 colle,
981 2733 1104 2782 Saturnios

52 2814 162 2854 vocetur.
195 2806 234 2853 De
255 2806 314 2853 Caco
334 2806 432 2869 ejusque
453 2823 519 2867 poenu
538 2805 555 2853 i.
606 2821 632 2852 se
643 2806 801 2860 nominarunt,
810 2821 857 2869 quo
867 2815 921 2854 anto
930 2806 1024 2854 nomine
1033 2807 1105 2854 etiem

51 2882 100 2928 551
124 2896 177 2944 sqq.
215 2881 296 2928 Venire
317 2889 340 2928 et
361 2881 424 2927 mala
445 2879 556 2927 dicuntur
607 2878 670 2926 idern
681 2879 749 2927 collis
760 2880 889 2927 vocabatur
898 2879 925 2939 ;''
957 2880 1105 2937 Macrobius,

51 2969 109 3018 qno
132 2953 200 3001 nobis
221 2953 342 3008 accidunt,
362 2963 386 3001 et
411 2954 481 3008 bona,
501 2968 555 3015 que
606 2950 624 2997 i.
641 2952 664 2999 7.
679 2951 755 3008 Idem,
769 2967 823 3016 cap.
840 2954 879 2999 ll.
896 2968 926 3000 ex
944 2950 1052 3017 Epicado
1068 2967 1105 3001 re·

51 3027 210 3090 contingunt3
232 3027 356 3082 Pbaedrua,
368 3028 389 3074 1.
408 3025 456 3074 lab.
472 3026 496 3072 ii.
509 3027 554 3073 at:
607 3024 659 3081 lert,
675 3026 804 3074 Herculem
822 3035 904 3089 ponte,
922 3027 963 3090 qui
980 3036 1034 3089 post
1049 3026 1105 3074 sub·

52 3103 361 3164 nejwmseniutmabtm.
395 3101 426 3148 Et
438 3098 502 3164 apud
514 3099 555 3147 Ci-
606 3096 675 3145 licius
698 3097 785 3153 dictus,
808 3098 839 3146 ad
860 3108 954 3162 tempus
980 3098 1104 3155 instructo,

50 3191 164 3224 nemnem
179 3176 265 3224 Verres
280 3173 442 3222 hereditatem
461 3176 502 3221 n'br'
519 3190 554 3221 ve·
606 3170 728 3218 homiuum
746 3170 875 3218 simulacre
894 3186 935 3234 pro
951 3185 1048 3218 nomem
1066 3183 1104 3218 so-

50 3252 111 3296 nim
121 3249 230 3312 putabat.
254 3249 391 3311 Erytbeldes
401 3248 473 3296 boves
483 3246 555 3294 etiam
606 3245 769 3309 ciorum,quos
776 3260 833 3292 casu
841 3242 1036 3309 peregrinationis
1045 3244 1105 3292 emi·

51 3322 69 3369 i.
79 3323 138 3371 ota.
604 3318 680 3373 sisset,
698 3320 723 3365 in
740 3317 839 3365 fluvium
857 3316 979 3382 dejecisse,
996 3326 1023 3364 ut
1040 3333 1104 3381 equs

83 3396 143 3444 651.
160 3396 230 3459 Argis
241 3393 332 3443 venisse
344 3394 455 3442 Herculis
468 3392 553 3449 socios,
605 3391 710 3440 secunda
723 3391 748 3438 in
762 3406 826 3438 mare
839 3390 938 3438 derecte
949 3405 991 3454 pro
1000 3391 1103 3455 corpori-

51 3477 76 3518 et
87 3467 206 3533 quosdam
216 3484 295 3517 eorum
310 3469 422 3517 mansisse
436 3468 461 3515 in
472 3467 552 3520 ltalia,
604 3466 648 3513 bus
659 3465 822 3514 detunctorum
835 3463 909 3512 veluti
922 3463 997 3528 patris
1007 3463 1105 3514 sedibus

52 3552 76 3590 et
85 3540 185 3590 eliunde
197 3549 298 3589 constet.
320 3541 383 3589 Hinc
395 3540 458 3606 apud
467 3539 553 3603 Virgil.
604 3537 765 3586 redderentur.

51 3614 154 3665 AEseid.
177 3631 201 3663 x.
226 3615 281 3664 779.
308 3613 420 3669 Antores,
443 3613 553 3661 Herculis
636 3613 692 3660 653.
718 3611 764 3658 Pro
789 3620 920 3675 tanguntur
944 3609 1103 3661 Serenianus
1191 3609 1193 3612 ’

53 3705 147 3739 eomes:
164 3696 180 3716 '⁸
190 3689 237 3746 Qui
244 3689 329 3738 missus
337 3690 368 3736 ab
377 3687 554 3751 Argishaeserat
604 3695 747 3748 torquentur,
764 3685 828 3763 quod
844 3699 897 3732 vero
915 3685 953 3747 τῷ
970 3686 1036 3734 dulci
1054 3701 1101 3735 non

52 3762 174 3819 Evandro,
181 3770 253 3826 etque
259 3761 321 3810 ltela
327 3760 466 3809 consederat
471 3759 553 3807 urbe.”
604 3759 724 3807 convenit:
744 3758 786 3806 sed
798 3761 864 3823 tangi
874 3775 950 3806 amore
960 3758 1057 3823 elegeos
1066 3760 1102 3808 lo·

52 3836 93 3885 Ab
109 3838 181 3900 Argis
198 3835 324 3884 simulacre
340 3834 382 3882 ille
397 3835 467 3898 Argei
481 3832 554 3880 dicte.
603 3831 675 3880 cutio.
710 3832 800 3887 Pulvis,
821 3830 881 3880 cinis
905 3833 1009 3896 corporis
1035 3847 1099 3881 com-

53 3910 163 3965 Dasrfis,
174 3909 291 3957 sciliceta
302 3924 336 3965 se,
348 3924 361 3956 e
374 3907 444 3972 copia
460 3905 552 3971 poetice
603 3905 681 3964 busti;
698 3906 759 3952 Met.
773 3904 821 3952 viii.
838 3907 899 3954 ⁴96:
918 3905 1099 3970 Exiguusjaes·

54 3983 173 4031 additum.
208 3982 328 4032 Ceterum
344 3981 476 4030 secundum
494 3981 550 4027 Mn·
603 3981 674 4026 timeo
691 3979 784 4040 pulvim
807 3978 896 4027 Anacr.
917 3978 948 4026 ir.
968 3980 1000 4027 9:
1024 3979 1099 4044 ὀλίγη

54 4058 160 4106 orobium
173 4073 220 4105 non
233 4068 317 4122 sponte
329 4056 363 4105 illi
378 4063 551 4110 remanserunt,
601 4052 742 4115 κεισόμεσθα
758 4052 833 4110 κόνις·
854 4053 975 4109 Horatius,
991 4053 1037 4102 lv.
1051 4053 1100 4102 od.

54 4131 95 4179 sed
108 4132 139 4179 ab
155 4131 259 4180 Hercule
271 4131 345 4179 relicti
358 4139 422 4184 sunt,
434 4128 472 4176 vel
485 4129 552 4181 irato,
602 4125 643 4175 rii.
655 4127 699 4173 16:
721 4127 1018 4175 Puloiutambrseuerus.
1048 4128 1099 4175 Ne·

55 4205 116 4267 quod
131 4214 267 4253 ermestun
280 4204 398 4254 nonsatis
412 4199 553 4252 cmtodiris·
603 4198 678 4263 apolis
692 4200 771 4248 uerbis
784 4199 910 4249 Scholiast.
926 4199 1043 4264 Lycopbr.
1055 4199 1098 4250 do·
