2806 5018
539 359 852 425 FRAGMENTA.
1153 362 1222 428 535

174 531 217 596 In
240 531 399 615 Priapeiis
423 531 571 613 quadam
594 531 710 595 :Ovidii
733 531 812 613 (vid.
838 531 928 595 Rart.
951 532 991 595 ad
1023 531 1172 606 Statium,
1198 535 1220 597 i.

172 633 277 697 Theb.
302 633 392 709 229.)
413 643 553 707 exstare,
579 634 696 696 eruditi
721 634 924 697 arbitrantur.
969 633 1022 697 Ex
1045 633 1099 697 illo
1121 642 1222 708 certe,

175 735 267 818 cujus
288 736 423 810 initium,
444 735 583 799 Obscura
601 745 751 820 poteram
772 736 831 799 tibi
849 736 962 811 dicere,
979 735 1105 800 Seneca
1120 744 1221 819 pater,

174 837 230 902 lib.
246 839 266 900 i.
283 836 490 901 controvers.
505 837 539 900 2.
554 836 641 918 huno¹
652 859 779 900 versum
796 838 944 900 adducit:

333 970 412 1029 Dum
426 971 511 1030 timet
524 972 643 1031 alterius
653 973 759 1032 vulnus
771 973 872 1050 inepta
884 971 948 1030 loci.

176 1133 321 1208 servius,
334 1133 367 1196 in
382 1132 504 1217 Georg.
517 1135 560 1197 iv.
570 1135 624 1198 ubi
638 1137 706 1220 agit
716 1135 942 1220 deEurydice,
951 1134 1030 1197 citat
1040 1153 1082 1196 ex
1093 1132 1221 1210 Ovidio,

335 1267 387 1325 Bis
399 1268 519 1346 rapitur,
533 1268 666 1347 vixitque
679 1268 778 1338 semel,

177 1429 263 1514 quod
280 1430 314 1492 iu
329 1439 459 1494 auctore
475 1440 583 1494 nostro
601 1452 684 1496 nunc
703 1453 858 1516 nusquam
874 1440 1047 1516 comparet.

222 1547 416 1613 Scholiastes
441 1556 534 1612 vetus
558 1548 686 1612 Horatii
709 1551 750 1613 ad
773 1550 827 1612 lib.
852 1550 885 1612 ii.
909 1548 974 1612 Od.
999 1551 1040 1612 5:
1072 1547 1224 1633 “Gyges

179 1671 294 1714 nomeu
316 1651 409 1734 pueri
428 1672 471 1714 ex
489 1650 593 1714 insula
608 1650 714 1714 Cnido
728 1650 851 1715 Veneri
873 1672 981 1724 sacra3
1004 1650 1096 1734 hujus
1117 1659 1225 1713 autem

178 1752 272 1835 pueri
287 1751 556 1834 pulchritudinem
573 1752 681 1815 laudat
697 1753 794 1816 etiam
810 1752 975 1816 Ovidius.'‘
1011 1751 1115 1835 Atqui
1127 1752 1161 1814 in
1174 1751 1224 1826 iis,

180 1875 254 1936 quae
269 1862 409 1928 exstant,
426 1853 536 1916 laudat
552 1853 672 1918 nullibi.

224 1953 450 2034 Quintilianus,
471 1954 525 2018 lib.
548 1956 603 2018 xii.
622 1978 692 2039 cap.
713 1955 774 2019 10:
799 1954 904 2018 “Sed
930 1961 1126 2018 evanescunt
1145 1952 1224 2029 baec,

180 2063 278 2138 atque
302 2056 500 2120 emoriuntur
521 2057 756 2139 comparatione
777 2056 953 2131 meliorum,
978 2065 1014 2118 ut
1037 2055 1109 2118 lana
1128 2055 1228 2118 tincta

180 2155 256 2220 fuco
278 2156 358 2220 citra
378 2177 549 2240 purpuram
569 2158 695 2240 placet:
716 2167 749 2220 at
767 2158 793 2220 si
807 2157 978 2220 contuleris
993 2177 1064 2219 eam
1079 2156 1225 2231 lacernas,

181 2268 356 2340 conspectu
378 2257 516 2321 melioris
536 2259 697 2332 obruatur,
714 2269 750 2321 ut
766 2257 903 2322 Ovidius
918 2258 991 2321 ait.”
1035 2256 1120 2337 Quas
1141 2256 1228 2320 nullo

181 2358 313 2441 negotio
332 2358 364 2421 in
388 2367 526 2422 metrum
545 2360 676 2423 redacta
694 2360 832 2423 iambum
852 2359 1006 2444 tragicum
1029 2359 1178 2434 efficient,
1195 2367 1229 2421 et

181 2461 264 2525 duos
278 2459 579 2544 hendecasyllabos:

341 2617 383 2677 Ut
396 2617 462 2676 lans
474 2619 567 2677 tincta
579 2640 735 2699 purpuram
750 2622 822 2681 citra
834 2622 947 2700 placet:

339 2711 382 2771 At
396 2712 420 2770 si
433 2711 588 2772 contuleris
601 2734 663 2772 eam
677 2713 807 2785 lacerna,

339 2806 503 2885 Conspectu
516 2807 640 2867 melioris
652 2809 797 2868 obruatur.

182 2985 222 3050 In
242 2985 338 3050 Notis
361 2986 446 3048 enim
470 2986 511 3049 ad
535 2985 638 3069 Epist.
664 2988 697 3051 7.
717 3008 915 3050 communem
940 3011 1010 3051 esse
1034 2991 1174 3053 ultimam
1196 2992 1227 3055 iu

180 3089 363 3163 contuleris,
387 3087 521 3162 dederis,
545 3088 730 3164 credideris,
755 3098 789 3152 et
811 3089 963 3152 similibus
987 3091 1138 3174 syllabam
1164 3113 1229 3155 mo·

183 3211 308 3253 nemus.

230 3290 366 3364 Seneca,
394 3289 601 3354 Controvers.
624 3292 676 3355 10.
698 3313 742 3355 ex
765 3291 995 3355 declamatione
1019 3291 1129 3355 Ovidii
1153 3315 1228 3377 qua-

185 3393 259 3454 dam
279 3392 345 3455 baec
365 3391 529 3475 producit:
555 3392 756 3476 “Quicquid
776 3393 891 3457 laboris
911 3404 971 3467 est,
988 3394 1020 3457 in
1041 3394 1099 3457 boc
1118 3404 1177 3467 est,
1196 3405 1232 3458 ut

186 3494 279 3556 uxori
296 3494 406 3566 virum,
423 3503 457 3557 et
472 3493 539 3556 viro
560 3516 692 3557 uxorem
713 3495 847 3578 diligere
869 3496 1036 3559 concedas.
1084 3494 1230 3560 Necesse

183 3605 237 3659 est
257 3596 386 3668 deinde,
398 3595 507 3678 jurare
527 3597 704 3677 permittas,
721 3598 747 3659 si
769 3618 875 3660 amare
895 3597 1086 3679 permiseris.
1133 3596 1230 3676 Quod

186 3697 333 3759 babuisse
354 3717 411 3759 nos
431 3696 654 3780 jusjurandum
673 3698 789 3781 putasl
810 3707 844 3759 tu
867 3697 956 3761 uobis
974 3698 1156 3781 religiosum
1176 3720 1230 3762 no-

187 3821 261 3862 men
286 3798 385 3861 fuisti.
429 3798 465 3861 Si
486 3800 701 3873 mentiremur,
717 3799 771 3862 illa
788 3799 847 3862 sibi
867 3800 981 3861 iratum
1002 3808 1125 3882 patrem
1144 3801 1231 3865 iuvo-

187 3900 282 3972 cavit,
299 3921 362 3983 ego
384 3920 541 3963 socerum.
579 3900 693 3974 Parce,
709 3910 820 3982 poten
842 3921 948 3983 parce,
965 3921 1076 3974 socen
1098 3922 1160 3964 uon
1177 3923 1231 3983 pe-

182 4002 369 4085 jeravimus.
408 4001 495 4065 Ecce
508 4002 692 4086 objurgator
706 4014 823 4077 noster,
839 4024 933 4086 quam
948 4004 1111 4066 effraenato
1124 4023 1230 4065 amore

186 4103 307 4167 fertur!
338 4125 519 4186 quanquam
544 4126 616 4167 esse
642 4104 738 4168 filiam
768 4106 927 4189 preceris;
958 4125 1065 4167 carum
1091 4102 1230 4185 quidem,
