2806 5018
186 340 252 405 522
583 337 842 403 EXCURSUS

188 511 340 595 reliquias
365 528 424 592 per
445 509 628 574 Ambraciae
648 509 716 573 vias
740 509 889 592 disjectas
913 527 1002 581 esse,
1028 503 1170 590 Hygino
1193 501 1240 566 soli

188 630 261 675 oum
282 610 416 675 Nasone
441 613 602 676 convenit.
641 613 693 676 De
715 611 958 694 Eurydamaute
983 629 1005 672 a
1025 606 1165 672 Simone
1188 604 1238 668 1*

185 712 296 775 rissaeo
312 713 397 777 circa
411 714 568 798 Thrasylli
583 713 740 777 tumulum
751 721 887 796 raptato,
898 720 1023 795 preater
1039 708 1196 774 Ovidium
1208 714 1236 768 et

189 813 374 897 Didymum,
399 813 535 878 Homeri
559 814 759 878 Scholiasten
781 814 821 876 ad
847 812 941 876 Iliad.
967 834 1004 876 x.
1033 830 1134 875 nemo
1156 807 1233 892 quid·

186 933 282 996 qnam
297 916 459 979 memoriae
476 916 625 999 prodidit.
668 915 808 978 Thasum
825 915 922 977 etiam
937 935 958 975 a
973 913 1115 976 canibus
1130 910 1231 973 lacera·

186 1023 254 1078 tum
272 1015 362 1079 Naso
377 1017 536 1080 duntaxat
549 1025 584 1079 et
598 1017 749 1100 Hyginus
770 1015 962 1078 retulerunt.
1010 1012 1104 1077 Item
1118 1027 1231 1074 carmon

184 1117 251 1180 507
265 1116 305 1180 ab
322 1119 417 1180 unico
434 1118 576 1181 Diodoro
590 1117 775 1191 illustratur,
792 1128 829 1180 ut
848 1126 882 1180 et
897 1137 1012 1180 versus
1031 1114 1103 1180 631
1123 1113 1162 1176 ab
1175 1109 1229 1192 api·

185 1229 362 1300 grammata
375 1222 474 1294 ἀδήλῳ,
486 1218 540 1282 lib.
557 1219 602 1281 iii.
614 1217 840 1301 Anthologiae;
862 1225 900 1279 ut
914 1216 1078 1280 credibile
1092 1215 1143 1288 sit,
1155 1233 1229 1297 qua

187 1321 261 1386 dam
277 1322 326 1385 hic
342 1343 413 1386 esse
424 1324 529 1397 obvia,
540 1342 614 1406 quac
626 1322 734 1404 siquis
746 1320 822 1383 alibi
834 1341 983 1403 quaerere
996 1320 1091 1393 velit,
1104 1336 1229 1400 operam

185 1424 293 1496 oredo,
319 1444 443 1488 omnem
471 1424 592 1489 luserit.
638 1423 694 1486 Sic
716 1424 801 1505 apud
823 1421 1089 1506 Lycophronem,
1104 1417 1229 1483 historia

185 1525 333 1606 quadam
348 1533 487 1600 exstant,
505 1546 585 1609 quas
600 1544 692 1587 nemo
704 1524 784 1586 alius
797 1523 915 1607 attigit,
930 1532 968 1585 nt
984 1521 1107 1606 Prylis,
1121 1519 1228 1587 Mum

183 1631 217 1688 et
228 1627 384 1690 vocabula
398 1649 460 1690 non
476 1647 590 1710 panca,
606 1625 721 1708 quibus
737 1632 944 1706 praeteream
959 1623 1073 1687 nullus
1088 1643 1163 1685 usus
1175 1626 1227 1689 aab

185 1727 291 1810 qualia
307 1735 430 1806 φύλαμος,
444 1735 525 1806 napa,
539 1731 627 1804 πέῤῥα,
641 1730 747 1795 πέλας.
789 1727 869 1812 Ejus
882 1734 990 1789 tamen
1003 1723 1228 1791 Alexandrum,

182 1832 251 1896 sive
275 1832 501 1908 Cassandram,
516 1835 660 1917 quamvis
683 1831 926 1901 tenebricosam,
943 1826 1109 1909 poematio
1133 1832 1228 1888 nostro

184 1933 399 1997 obscuriorem
421 1956 491 1998 esse
509 1935 670 1998 Domitius
690 1955 754 1997 non
774 1929 934 1995 concedit.
981 1929 1040 1992 Sic
1062 1927 1149 1991 enim
1167 1945 1226 2009 per·

183 2037 328 2099 oratione
344 2036 652 2100 Commentariorum
668 2057 814 2100 suorum:
837 2043 856 2068 “
870 2030 1096 2115 Lycophronis
1110 2048 1227 2094 carmen

184 2137 320 2221 legimus
340 2161 438 2222 saepe,
456 2141 487 2202 in
504 2162 567 2221 quo
583 2146 770 2220 argumento
785 2135 915 2218 quidem
932 2133 1057 2196 Ovidio
1079 2132 1227 2216 grandior,

183 2240 240 2301 sed
256 2239 361 2302 verbis
378 2241 517 2323 apertior
530 2240 620 2302 nobis
633 2240 780 2312 videtur;
803 2245 837 2300 et
851 2235 940 2309 ceci,
959 2237 1017 2319 qui
1038 2236 1127 2299 illum
1143 2237 1226 2297 inter·

186 2349 363 2423 pretantur,
388 2341 420 2402 in
448 2350 536 2403 tanta
560 2340 736 2422 praesertim
762 2338 911 2401 librorum
940 2339 1057 2419 copia:
1082 2359 1144 2400 non
1174 2347 1227 2398 tm

183 2441 267 2502 enim
293 2461 351 2520 per
374 2440 591 2523 conjecturam
614 2441 742 2513 fabulae,
759 2449 796 2500 ut
818 2439 902 2522 apud
930 2438 1022 2501 illurn
1045 2438 1225 2522 indaganda

185 2542 326 2611 fuerunt,
343 2562 436 2621 quam
462 2542 652 2623 colligendae
676 2565 695 2605 a
713 2542 846 2603 diversis
867 2540 1055 2604 auctoribus
1078 2539 1224 2623 scriptae.¹’

184 2642 414 2718 Quamobrem
428 2643 547 2703 nemini
570 2643 685 2706 mirum
700 2643 800 2706 videri
823 2643 931 2713 debet,
950 2643 976 2704 si
998 2652 1049 2704 tot
1063 2643 1222 2706 Ovidianae

180 2742 294 2804 mentis
316 2743 506 2825 interpretes
528 2744 558 2804 in
581 2744 742 2826 plerisque
759 2745 836 2805 loeis
852 2744 951 2805 veluti
968 2744 1001 2804 in
1020 2745 1107 2807 circo
1123 2744 1219 2806 Anda·

182 2844 324 2906 balanum
345 2865 432 2905 more
456 2845 668 2906 decertamus.
713 2845 743 2906 A
762 2866 854 2906 versu
877 2846 1029 2907 nimirum
1053 2846 1130 2918 255,
1147 2846 1219 2907 unde

183 2946 272 3008 Naso
297 2946 418 3008 fabulas
442 2958 476 3007 et
497 2946 641 3008 historias
665 2947 856 3029 auspicatur,
874 2946 914 3007 ad
933 2968 1065 3010 versum
1085 2948 1159 3021 645,
1176 2946 1219 3029 qui

179 3047 275 3109 libelli
292 3057 470 3128 postremus
486 3058 545 3120 est,
562 3048 692 3129 triginta
711 3069 805 3129 supra
828 3046 986 3109 ducentas
1007 3059 1218 3112 memorantur.

179 3147 346 3210 Interdum
364 3171 426 3211 uno
442 3150 575 3211 disticho
593 3160 656 3212 tres
672 3151 884 3222 continentur,
900 3148 1067 3214 interdurn
1084 3162 1216 3235 quatuor.

176 3258 213 3310 ut
228 3250 300 3312 illo:

294 3410 336 3467 Ut
350 3411 409 3469 fuit
426 3412 521 3469 OEtaeo
535 3412 687 3488 quondam,
703 3431 864 3489 generoque
877 3410 1048 3480 draconum,

332 3503 539 3581 Tisamenique
553 3506 638 3582 patri,
653 3504 866 3581 Callirhoesque
879 3504 959 3573 viro;

175 3665 220 3726 ita
240 3675 277 3726 ut
296 3665 491 3729 Ouidianum
513 3667 569 3728 hoc
594 3669 786 3749 poematium
804 3665 985 3728 fabularum
1011 3669 1139 3732 officina
1153 3689 1210 3730 rere

175 3764 238 3826 dici
262 3768 370 3848 possit.
415 3768 522 3831 Causa
544 3791 619 3831 vero
644 3790 663 3830 a
686 3768 776 3830 nobis
798 3789 855 3829 suo
881 3767 951 3829 loco
979 3772 1144 3845 afferetur,
1166 3789 1208 3833 cnr

174 3863 311 3929 Ovidius
341 3868 525 3929 obscuritati
550 3869 726 3943 studuerit3
758 3869 815 3930 sed
842 3878 876 3930 et
905 3879 983 3933 ante
1008 3873 1099 3936 illum
1123 3873 1208 3936 Cinna

172 3976 278 4050 poeta,
296 3967 423 4050 Virgilii
442 3971 601 4049 praeconio
625 3971 814 4042 celebratus,
835 3971 1020 4053 Smyrnam,
1036 3996 1150 4057 poema
1166 3972 1205 4035 ob

173 4069 396 4139 acutissimum,
414 4069 599 4143 elaboravit,
618 4073 817 4153 quodquam
834 4070 930 4153 vulgo
946 4094 1013 4137 non
1031 4076 1205 4158 intelligere
