2806 5018
298 357 363 424 378
694 356 951 424 EXCURSUS

302 533 412 615 script.
436 533 476 595 L.
501 532 676 604 Plautiam·
701 532 734 594 in
756 553 869 595 averso
891 539 998 595 exstet
1016 529 1152 594 Aurora
1177 529 1267 594 alata
1291 550 1353 613 qna

303 643 375 697 tuor
395 656 495 716 equos
517 635 657 709 dueens;
680 634 862 698 inscribitur
878 635 1029 699 Plancus.
1076 634 1232 697 Persona
1253 633 1350 695 mulie

303 737 366 799 bris
382 737 421 799 ad
439 738 549 820 jocum
565 758 584 799 a
599 758 633 799 se
651 736 882 820 excogitatum,
899 736 1025 800 Aurora
1044 737 1085 798 ad
1109 743 1248 820 tempus
1263 744 1350 799 catus

302 838 431 923 tropbes
453 838 625 913 alludebat,
641 848 675 902 et
696 861 715 902 a
736 839 893 924 dignitate
914 840 1019 924 gentis
1039 860 1104 902 non
1121 838 1272 903 alienum
1285 844 1349 909 erat.

227 947 231 963 '
302 943 438 1005 nummis
453 942 606 1005 incudere
622 964 731 1006 casum
748 943 899 1026 aliquem,
916 943 972 1026 qui
986 942 1063 1006 sesti
1083 941 1228 1026 alicujus
1247 940 1350 1006 Roma

303 1044 350 1106 nis
363 1045 452 1127 origo
463 1045 566 1108 sactus
579 1054 658 1119 erat,
671 1046 757 1128 quod
770 1056 884 1129 gentes
895 1066 1023 1128 semper
1034 1066 1156 1129 magno
1169 1044 1235 1109 sibi
1248 1044 1350 1109 bonore

303 1146 434 1221 ducere,
451 1149 532 1212 etin
547 1149 684 1212 nummis
701 1149 864 1212 celebrare
880 1149 1035 1212 solebant.

601 1571 932 1647 EXCURSUS
973 1569 1059 1643 Ill.

308 1831 351 1874 uu
366 1829 508 1873 carinus
525 1829 567 1873 nr
584 1828 759 1871 occusmus
776 1826 924 1870 srnnnuu
941 1826 977 1869 m
993 1826 1113 1869 ovrnro
1131 1827 1293 1886 uorarrs,
1307 1826 1353 1871 uc·
1393 1854 1395 1869 .

360 1941 427 1989 eus
443 1940 554 1985 rrsrrs
570 1937 789 1982 sinsurnmus
805 1936 998 1979 crisconius
1014 1935 1057 1979 nr
1073 1936 1309 1981 nominentur.
1393 1926 1395 1935 '

310 2088 340 2151 Ι.
374 2053 453 2150 ΕΟ
479 2086 597 2168 majore
623 2105 684 2168 ego
710 2104 783 2145 curn
808 2082 970 2166 voluptate
992 2063 1065 2145 buic
1089 2084 1247 2148 carminis
1271 2082 1356 2149 nostri

307 2191 390 2274 parti
413 2190 570 2262 immoror,
596 2209 669 2270 quae
693 2186 824 2249 adrem
850 2185 1095 2249 astronomicam
1123 2189 1355 2272 pertinetque

307 2293 475 2376 pauciores
499 2291 609 2353 barum
630 2289 795 2352 literarum
815 2288 965 2361 cultores,
981 2287 1042 2350 etsi
1062 2296 1215 2353 veterum
1237 2290 1356 2374 scripto

306 2416 377 2456 rum
392 2393 604 2477 intelligentia
621 2392 816 2475 probabilem
836 2391 930 2475 hujus
950 2391 1129 2474 disciplina>
1147 2394 1354 2476 cognitione·

307 2498 434 2558 omnino
448 2495 583 2578 flagitet,
597 2496 654 2557 bac
669 2497 765 2558 etiam
781 2516 823 2558 ex
839 2502 930 2577 parte
945 2514 1052 2556 rerum
1066 2495 1259 2576 cognitione
1270 2496 1357 2558 inter·

308 2597 522 2680 pretationem
538 2596 690 2679 adjuvare
706 2596 819 2660 solent.
866 2595 1057 2678 Magnorum
1073 2593 1311 2681 philologornm
1328 2605 1357 2658 et

308 2698 529 2781 interpretum,
546 2698 765 2773 Heinsinrum‚
780 2699 1037 2761 Burmannorum
1054 2697 1272 2782 aliorumque,
1287 2720 1356 2783 quo

307 2822 377 2862 rum
393 2801 613 2862 commentarii
625 2801 812 2884 frequenter
828 2801 972 2864 manibus
988 2800 1052 2863 triti
1065 2809 1152 2874 sunt,
1164 2801 1354 2884 exemplum,

308 2902 363 2985 qui
384 2902 432 2965 his
453 2903 549 2964 rebus
570 2904 770 2986 explicandis
792 2902 1071 2986 dijudicandisque
1095 2901 1292 2988 plerumque
1311 2925 1355 2965 su·

307 3005 550 3088 persederunm,
563 3027 624 3068 nou
642 3028 752 3089 parum
766 3007 925 3080 nocuisse,
936 3007 967 3068 in
982 3014 1132 3089 promptu
1147 3016 1212 3069 est.
1244 3007 1353 3085 Quam·

308 3108 356 3169 vis
385 3108 446 3170 alia
472 3109 608 3171 sortasse
638 3130 748 3174 earum
775 3107 1012 3190 disciplinarum
1039 3128 1138 3170 causa
1163 3109 1219 3183 sit,
1246 3128 1352 3192 quas

308 3210 471 3273 veteribus
488 3211 619 3292 quidem
639 3210 853 3293 peculiaribus
869 3211 956 3274 libris
978 3211 1115 3283 traditae,
1131 3212 1242 3276 minus
1257 3221 1349 3275 tamen

308 3312 349 3374 ad
366 3311 443 3376 alios
459 3334 569 3375 omnes
585 3314 754 3395 scriptores
767 3321 899 3395 pateant
913 3323 959 3395 (v.
976 3336 1004 3376 c.
1020 3314 1194 3388 medicina,
1211 3315 1349 3377 arcbitee

310 3426 391 3488 tura,
408 3424 470 3477 etc.
488 3416 520 3477 in
541 3436 678 3496 quorum
699 3414 905 3498 scriptoribus
926 3415 1074 3498 quaedam
1095 3415 1247 3499 ignorare
1265 3415 1347 3500 philo

310 3513 382 3597 logo
407 3536 469 3577 uon
491 3517 574 3578 adeo
597 3517 720 3578 crimini
735 3518 924 3580 vertendum
947 3530 1043 3590 esset,
1060 3538 1161 3599 quum
1184 3519 1283 3603 magis
1302 3536 1347 3599 pet

309 3636 346 3677 se
370 3618 507 3690 valeant,
529 3618 747 3702 minoremque
770 3631 805 3683 et
830 3622 863 3683 in
886 3621 955 3684 aliis
978 3620 1102 3702 scriptt.
1123 3622 1189 3684 vim
1216 3622 1346 3691 babeant)

310 3726 420 3779 contra
441 3718 578 3783 historiae
600 3722 751 3785 naturalis
766 3732 799 3784 et
814 3722 1014 3786 astronomiae
1029 3722 1190 3804 probabili
1206 3720 1344 3788 notitiain

310 3818 472 3882 veteribus
488 3822 693 3903 scriptoribus
708 3845 769 3886 non
787 3824 881 3887 focile
896 3846 1005 3887 carere
1020 3846 1116 3906 posse
1132 3825 1280 3890 dixerim.

353 3920 409 3984 Ne
426 3922 510 3983 enim
525 3923 627 3986 dicam
643 3926 683 3989 de
699 3927 774 3989 coeli
790 3928 982 4011 cognitione,
999 3928 1066 3990 sine
1082 3949 1150 4010 qua
1163 3925 1340 4014 geograplt

510 4149 520 4181 '¹
539 4141 593 4191 vid.
605 4160 629 4190 v.
643 4159 665 4192 a.
677 4144 801 4194 lleinsium
812 4157 836 4195 et
848 4147 1010 4196 Burmannnm
1024 4146 1055 4195 ad
1068 4148 1159 4197 Festos.
