2806 5018
466 365 728 432 PASTORUM
750 366 841 432 LIB.
866 365 929 431 IV.
1153 370 1219 437 237

170 538 327 613 Poecile
342 547 426 613 lure
443 539 532 613 dato
549 538 718 625 sormam,
737 540 943 637 populique
958 538 1146 629 favorem

223 653 376 727 Poecile
394 653 610 740 blanditiae,
629 654 822 752 dignaque
839 655 955 727 verba
967 656 1076 750 joco:

173 768 351 864 Cumque
370 791 440 841 sua
456 768 618 843 dominae
636 768 724 842 date
741 779 847 865 grata
864 768 1066 866 sisymbria
1083 780 1219 869 myrto,

221 882 423 978 Textaque
441 882 651 981 composita
662 885 802 979 juncea
818 883 943 956 vincla
960 907 1055 956 rosa.
1148 891 1221 959 870

171 997 335 1096 Templa
351 997 581 1094 frequentari
601 998 760 1071 Collinae
780 998 951 1096 proxima
965 1009 1082 1095 portae

224 1110 339 1186 Nunc
357 1113 490 1186 decet:
520 1137 543 1187 a
561 1114 689 1187 Siculo
707 1114 859 1186 nomina
875 1115 972 1188 colle
990 1124 1136 1188 tenent.

174 1226 308 1324 thue
329 1227 536 1324 Syracusas
555 1227 802 1302 Arethusidas
821 1229 977 1301 abstulit
993 1229 1106 1302 armis

226 1340 424 1427 Claudius,
445 1353 483 1416 et
500 1343 599 1417 bello
617 1354 655 1417 te
674 1367 827 1442 quoque
844 1343 958 1440 cepit,
978 1342 1108 1442 Eryx:

174 1456 355 1530 Carmine
374 1459 511 1531 vivacis
524 1458 654 1531 Venus
668 1470 727 1530 est
743 1458 923 1531 translata
941 1458 1120 1556 Sibyllae;
1149 1466 1222 1536 875

228 1570 353 1668 Inque
370 1597 448 1645 suae
466 1573 593 1669 stirpis
612 1573 743 1646 maluit
760 1574 853 1646 urbe
871 1573 955 1645 coli.

177 1684 259 1757 Our
277 1684 390 1780 igitur
407 1685 565 1760 Veneris
583 1685 722 1760 festum
741 1686 888 1760 Vinalia
905 1687 1048 1774 dicant,

230 1798 420 1887 Quaeritis,
440 1811 479 1875 et
496 1824 612 1899 quare
630 1802 679 1873 sit
696 1800 802 1873 Jovis
820 1801 892 1873 ista
910 1802 1020 1874 dies?

210 2099 271 2147 871.
291 2099 416 2164 Templum
445 2100 553 2166 Erycinae
582 2102 681 2150 Veneris
729 2101 788 2151 ibid.
802 2103 839 2149 10.
850 2102 926 2151 Iidem
939 2101 982 2149 viri
997 2118 1059 2151 suno
1073 2105 1130 2152 537.
1140 2103 1224 2155 duum·

177 2187 253 2237 prope
288 2173 427 2222 Collurinam
458 2183 548 2234 portum
579 2173 680 2223 Ovidius
730 2176 773 2223 uiri
787 2175 860 2224 creati
877 2182 932 2223 sunt
946 2174 1037 2223 sudibus
1050 2176 1098 2224 illis
1113 2176 1227 2227 dedican-

177 2244 253 2293 stiutn
271 2245 372 2293 Remcd.
388 2248 445 2295 519.
463 2256 680 2311 nemorumque
729 2248 782 2307 dis;
799 2249 877 2297 Menti
895 2248 1022 2306 Otacilius,
1038 2249 1126 2299 Fabius
1139 2252 1227 2301 Veneri

179 2318 243 2366 illud
257 2319 346 2384 ipsum,
359 2320 423 2369 bello
437 2320 561 2383 Ligustino
576 2337 590 2370 a
606 2321 681 2370 Lucio
730 2321 838 2386 Erycina
849 2321 976 2370 dedicavit.
1010 2321 1227 2390 Ambueincapilo·

179 2393 266 2441 Porcio
276 2409 340 2441 cons.
352 2403 440 2450 votum,
449 2410 464 2441 s
474 2396 504 2442 L.
515 2394 607 2450 Porcio,
615 2396 643 2442 L.
653 2395 682 2443 F.
730 2395 843 2451 licuerant,
854 2394 931 2444 canali
940 2412 987 2444 uno
996 2396 1104 2445 discretis
1114 2414 1121 2456 ς
1137 2397 1228 2456 livius,

179 2464 274 2514 Heluio
293 2466 427 2523 duumviro,
445 2467 476 2515 ad
497 2477 587 2532 portam
606 2467 681 2516 Colli·
730 2468 798 2516 xxiii.
811 2471 851 2516 31.
884 2471 940 2518 Jam
954 2469 1070 2534 Neapolis
1082 2479 1159 2534 putat,
1170 2473 1229 2521 ovi-

178 2554 237 2589 nam
254 2539 390 2589 dedicatum
406 2539 477 2589 luisse
494 2541 582 2595 Livius,
596 2540 629 2589 xl.
641 2542 682 2588 ³4.
731 2541 797 2589 dium
808 2542 855 2590 duo
865 2542 955 2607 templu
962 2542 1062 2591 Veneris
1070 2542 1162 2593 diversa
1172 2561 1229 2595 con-

180 2620 269 2660 narrat.
288 2611 360 2661 Adde
370 2613 516 2669 Strabonem,
528 2613 569 2661 lib.
581 2613 611 2661 vi.
634 2614 681 2661 Ea·
731 2615 829 2672 fudisse,
845 2610 918 2680 quasi
935 2618 1049 2682 templum
1063 2616 1093 2664 ad
1111 2618 1229 2668 Collinum

178 2686 237 2735 dem
254 2696 333 2734 sutem
347 2686 393 2734 dea
409 2686 433 2735 in
452 2687 535 2750 Eryce,
550 2696 629 2734 monte
643 2687 680 2734 Si·
731 2697 822 2754 portam
833 2690 883 2753 jam
899 2698 1002 2754 tempore
1016 2690 1073 2738 belli
1088 2691 1171 2741 Punici
1187 2693 1230 2742 de·

179 2760 243 2809 ciliae
263 2776 334 2824 supra
348 2761 495 2825 Drepanum,
510 2760 625 2824 templum
640 2760 681 2808 hs·
732 2761 837 2810 dicatum
850 2772 918 2810 esset.
951 2763 1081 2812 Milrivero
1095 2763 1230 2815 distinxisse

180 2835 257 2882 hebet
268 2833 589 2899 nobilissimumaijunis
601 2834 681 2882 condi·
732 2833 901 2898 distinguenda
928 2835 1028 2885 videtur.
1067 2835 1173 2885 Primum
1200 2837 1231 2888 de

180 2914 245 2964 ωιτη
276 2907 334 2954 AEn.
356 2924 378 2955 v.
400 2907 464 2964 759;
492 2907 522 2955 de
548 2922 596 2971 quo
616 2906 682 2955 locus
732 2908 820 2972 templo
835 2909 865 2956 ad
885 2908 1027 2956 Collatinum
1045 2918 1135 2973 portam
1153 2910 1230 2974 loqui·

182 2978 300 3029 classicus
312 2979 377 3044 apud
391 2980 490 3030 Diodor.
505 2981 621 3036 Siculum,
638 2981 681 3029 lib.
733 2987 778 3035 tur,
798 2979 884 3028 ‘scinde
911 2981 987 3029 obiter
1007 2980 1037 3028 de
1064 2981 1139 3046 prima
1166 2981 1231 3031 illius

181 3053 287 3102 imm
322 3054 383 3102 Vide
398 3052 486 3117 Heynii
501 3056 599 3102 Excurs.
612 3053 637 3101 ii.
651 3053 683 3102 ad
733 3052 792 3099 Dee
815 3051 974 3101 translatione.
1006 3051 1094 3101 Sedet
1113 3052 1175 3101 alius
1194 3070 1231 3103 er·

180 3126 253 3176 illum
265 3125 363 3175 AEneid.
371 3126 464 3175 librum.
481 3127 593 3176 ESicilia
603 3136 683 3176 autem
733 3125 790 3172 ruris
823 3125 935 3197 Ovidiurn
970 3124 1083 3189 Neapolis
1116 3127 1231 3191 coarguit.

181 3199 288 3265 Erycina
307 3202 390 3249 Venus
406 3201 457 3265 jtuu
478 3200 543 3267 prius
570 3204 684 3249 translata
733 3197 858 3262 Templum
874 3198 994 3262 antiquins
1011 3212 1073 3246 anuo
1090 3198 1146 3246 ⁵3⁷.
1161 3197 1230 3248 dedi·

181 3281 236 3323 erst
255 3272 366 3331 Romam,
393 3281 497 3340 tempore
523 3275 581 3324 belli
600 3275 684 3324 Punici
736 3280 817 3318 catum
834 3270 942 3331 est3sed
961 3272 1078 3333 Syracusa
1096 3274 1232 3322 annuato.

183 3345 293 3396 mnndi.
310 3346 376 3395 Anu.
386 3347 417 3395 U.
426 3349 455 3396 C.
463 3350 519 3397 535.
530 3347 601 3403 enim,
612 3363 685 3412 quum
735 3341 830 3390 demum
850 3359 864 3391 u
885 3343 982 3390 Clurnlio
1001 3343 1117 3391 Marcello
1139 3353 1231 3410 captoe3

183 3429 313 3485 peccatura
331 3427 393 3468 esset
413 3435 428 3468 s
447 3422 478 3469 C.
498 3420 615 3469 Flaminio
635 3436 685 3469 cos.
734 3415 823 3473 Livius,
833 3433 889 3465 xxv.
900 3418 939 3464 31.
961 3418 1069 3464 Fortasse
1080 3425 1159 3466 tamen
1170 3419 1232 3468 Nos-

181 3491 315 3542 decemviri
331 3493 397 3540 libros
415 3492 535 3556 Sibyllinos
549 3493 614 3542 edire
627 3493 687 3558 jussi
735 3499 778 3544 ter,
795 3505 859 3538 more
877 3498 1008 3555 poetarum,
1027 3504 1042 3537 a
1057 3498 1124 3554 parte
1141 3491 1232 3540 bellurn

182 3573 250 3622 suut,
260 3574 288 3613 ut
299 3581 352 3629 quse
367 3565 463 3631 piacula
475 3566 516 3615 iro
532 3567 637 3616 Deorum
650 3582 687 3615 es·
735 3563 853 3613 Punicum
874 3564 1005 3613 secundum
1027 3563 1132 3615 indicere
1151 3567 1233 3617 voluit.

182 3647 247 3696 sent,
255 3649 443 3702 cognosceretur.
460 3640 491 3697 11,
499 3640 612 3706 inspectis
621 3640 688 3689 libris
737 3639 847 3694 Abstulit,
869 3636 932 3702 cepit
954 3647 979 3686 et
999 3635 1069 3686 militi
1089 3638 1233 3704 diripiendas

182 3711 377 3768 lstslibus‚inter
388 3711 435 3760 aliu
445 3714 607 3762 retuleruntet
617 3713 683 3761 hnc:
734 3711 810 3760 dedit.
846 3712 910 3775 Eryx
929 3726 943 3760 s
960 3711 1034 3777 primo
1050 3714 1153 3761 maxime
1170 3714 1233 3764 bello

182 3786 277 3835 “sedes
288 3786 376 3835 Veneri
389 3787 497 3851 Erycino
512 3803 540 3836 ac
556 3789 633 3836 Menti
644 3804 684 3835 vo·
735 3793 819 3843 notus3
829 3784 884 3833 inde
892 3783 954 3832 cuim
963 3784 1085 3833 Hamilcar
1091 3786 1234 3849 presidium,

184 3858 374 3918 sendussse;”
394 3859 483 3916 Livius,
498 3858 556 3907 xxii.
570 3861 594 3908 9.
626 3861 685 3907 Mox
735 3856 799 3920 quod
818 3856 851 3904 ibi
869 3857 986 3914 clausurn,
1006 3856 1123 3906 deducere
1138 3869 1234 3909 coactus

182 3931 251 3981 ades
260 3931 376 3980 illusore
387 3942 451 3981 sunt.
468 3933 568 3982 Veneris
579 3933 686 3997 Erycina
737 3930 828 3992 lueret3
839 3931 929 3988 livius,
937 3931 986 3980 xxi.
999 3933 1038 3981 10.
1050 3933 1090 3980 41.
1112 3933 1151 3981 De
1158 3938 1235 3983 vivers

185 4004 266 4054 odem
288 4005 320 4063 Q.
338 4005 425 4054 Fabius
447 4006 568 4054 Maximus
586 4006 687 4055 dictator
737 4003 824 4068 Sibylla
834 4006 890 4054 vide
900 4006 930 4053 ad
944 4006 978 4054 iii.
988 4007 1054 4067 5³43
1076 4007 1235 4057 Cumauam

186 4077 263 4134 vovit,
283 4077 375 4127 Mentis
393 4078 423 4127 T.
447 4077 565 4128 Otacilius
586 4088 687 4145 pretam
736 4087 834 4128 vocatur
842 4078 875 4128 iv.
888 4079 941 4127 1511.
