2806 5018
382 379 436 444 ιιι
461 377 621 445 ovrnu
644 377 831 461 russos.
1059 379 1125 449 ass

81 551 133 614 vel
148 551 310 626 occiderit,
326 552 423 626 unde,
440 553 535 636 quale
553 562 640 617 ortus
659 573 833 616 occasusve
848 572 950 635 genus
963 552 997 614 in
1012 551 1121 619 Ovidii

81 651 278 736 aliorumque
305 653 517 718 notationibus
545 653 787 738 intelligendum
816 654 867 726 sit,
894 661 1051 736 quatenus
1079 655 1121 719 ad

81 753 249 817 veritatem
272 756 512 820 astronomicam
536 757 701 831 accedant,
720 757 770 819 vel
794 757 933 840 denique
957 778 997 819 au
1021 756 1120 840 negli-

81 856 211 940 gentiae,
226 857 278 921 vel
295 857 445 934 Ovidius,
461 859 511 922 vel
531 860 601 943 ejus
621 867 766 922 auctores
784 857 935 942 culpandi
949 857 1023 932 sint,
1035 858 1121 942 judi·

80 958 147 1020 cari
160 967 277 1042 potest.
323 961 429 1040 Quam
449 961 613 1024 fructuosa
633 961 674 1023 sit
694 959 762 1023 haec
778 960 841 1032 via,
857 980 952 1042 quam
970 959 1038 1043 jam
1056 959 1119 1023 Pe-

82 1060 187 1123 tavius
215 1070 418 1145 exposuerat,
445 1061 485 1124 ad
515 1061 658 1125 criticum
687 1061 733 1125 rei
761 1060 912 1132 studium,
940 1059 1122 1125 luculenter

80 1161 228 1225 laudatus
251 1162 295 1226 iii.
318 1163 424 1228 Plallii
445 1164 525 1228 liber
545 1164 693 1238 ostendit,
710 1164 764 1247 qui
788 1173 894 1226 tamen
916 1184 1119 1249 numerorum

80 1263 164 1346 typis
179 1286 401 1347 expressorum
416 1274 595 1329 accuratam
609 1265 848 1349 castigationem
868 1264 984 1349 passim
1004 1265 1036 1327 in
1051 1285 1119 1327 sus-

80 1365 236 1447 picionem
260 1368 396 1441 vocavit,
420 1376 454 1430 et
477 1368 575 1431 semel
600 1368 632 1431 in
656 1368 758 1430 locum
782 1366 903 1440 incidit,
927 1365 982 1449 qui
1007 1373 1119 1449 aperte

78 1465 178 1530 salsus
193 1476 262 1531 erat
275 1475 320 1551 (p.
334 1467 404 1545 9⁵.)
441 1468 598 1549 Quaedam
613 1469 710 1532 etiam
727 1467 818 1551 signa
832 1467 864 1530 in
880 1466 998 1531 Ouidio
1013 1467 1118 1541 obvia,

79 1565 242 1651 Aquarius
257 1579 290 1633 et
306 1569 417 1633 Pisces
436 1569 480 1632 ibi
495 1570 620 1642 desunt,
637 1579 672 1632 et
690 1591 732 1632 ex
751 1569 932 1633 accessione
948 1568 1118 1632 horizontis

79 1667 299 1745 Atheniensis,
322 1672 376 1754 qui
399 1672 443 1734 ihi
468 1693 554 1755 soepe
578 1671 787 1746 desideratur,
811 1692 960 1755 magnum
988 1671 1118 1734 haberet

78 1772 308 1837 incrementum
323 1775 380 1837 illa
396 1774 522 1837 Patavii
538 1774 655 1837 tabula.

123 1874 214 1955 Quas
236 1876 333 1959 igitur
348 1876 458 1940 Ovidii
479 1876 656 1940 notationes
673 1877 813 1961 singulas
835 1878 861 1938 si
880 1876 950 1960 quis
967 1877 1008 1938 ad
1028 1875 1116 1939 taba·

76 1979 125 2041 las
149 1977 218 2041 illas
239 1979 360 2064 exiget,
376 1980 537 2043 advocatis
561 1980 631 2043 aliis
652 1979 843 2043 kalendariis
862 1978 1059 2051 sideralibus,
1074 1978 1117 2042 ad

77 2101 187 2144 unum-
200 2080 393 2145 horizontem
415 2103 578 2166 unumque
596 2104 699 2145 aevum
719 2103 829 2146 omnes
850 2080 936 2144 nullo
955 2079 1050 2142 modo
1067 2100 1116 2142 re-

74 2183 184 2245 vocari
200 2204 303 2266 posse,
320 2183 396 2246 alias
416 2184 456 2246 ad
475 2182 666 2257 Romanum,
682 2183 759 2247 alias
778 2183 819 2245 ad
838 2181 1045 2245 Alexandria
1063 2180 1116 2245 ho-

74 2283 231 2347 rizontem
245 2286 418 2368 pertinere,
434 2307 572 2371 eumque
588 2288 683 2353 modo
698 2285 830 2350 Graecas
846 2286 939 2348 modo
954 2283 1116 2348 Romanas

74 2386 282 2450 auctoritates
296 2388 397 2471 sequi,
415 2388 520 2451 statim
535 2389 702 2472 intelliget.
748 2387 824 2451 Non
842 2387 1014 2452 enimcum
1031 2385 1115 2450 Pon·

74 2488 210 2552 tedera¹
224 2490 394 2552 couseutiri
408 2498 523 2572 potest,
540 2492 596 2575 qni
615 2513 688 2554 eum
707 2490 846 2555 maxime
860 2489 951 2553 fastis
967 2488 1115 2562 Caesaris,

72 2589 134 2675 qui
148 2599 261 2673 postea
275 2590 334 2653 sub
349 2590 499 2676 Augusto
514 2593 713 2658 emendatius
727 2593 924 2676 prodierunt,
938 2613 1030 2655 usum
1045 2611 1116 2654 esse

74 2691 187 2765 voluit,
203 2693 287 2776 quod
303 2692 426 2757 nonnisi
441 2694 629 2776 quibusdam
644 2695 677 2757 in
694 2694 782 2769 locis,
798 2694 851 2758 ubi
868 2715 942 2758 vere
958 2715 1030 2757 cum
1045 2714 1115 2756 oevo

72 2794 207 2860 Juliano
236 2802 270 2858 et
299 2794 413 2859 Romae
449 2796 609 2861 horizonte
645 2798 804 2871 convenit,
836 2795 968 2859 concedi
997 2802 1114 2879 potest.

73 2895 349 2963 Verisimillimum
364 2898 427 2962 erit
441 2909 476 2961 et
492 2898 628 2962 maxime
646 2907 894 2961 consentaneum
913 2895 1037 2970 rationi,
1053 2916 1117 2978 qua

74 2999 214 3064 Ovidius
232 3002 264 3065 in
285 3002 371 3065 omni
388 3000 448 3064 hoo
468 3011 655 3085 argumento
670 3010 813 3064 versatus
828 3009 888 3073 est,
903 3000 1006 3082 ipsum
1022 3017 1114 3061 usum

72 3123 147 3166 esse
164 3104 265 3177 lastis,
280 3103 390 3187 quales
412 3102 510 3167 Plinii
534 3113 567 3167 et
585 3102 772 3168 Columellas
794 3111 878 3174 sunt,
898 3100 951 3162 ubi
972 3106 1059 3162 ortus
1073 3106 1116 3160 et

72 3225 205 3268 occasus
226 3204 390 3268 secundum
412 3206 521 3268 varios
538 3205 655 3292 plopas
676 3201 962 3274 annotatiterant,
983 3199 1113 3263 atinde

72 3327 132 3390 pro
152 3306 254 3370 lubitu
272 3317 306 3370 et
324 3316 360 3370 ut
379 3307 525 3370 carminis
545 3307 684 3370 rationes
699 3305 920 3376 admittebant,
938 3301 1114 3365 notissimo-

71 3429 144 3470 rum
164 3408 302 3470 siderum
325 3409 527 3491 apparentiae
550 3408 643 3471 modo
664 3407 746 3481 huic,
767 3407 860 3471 modo
884 3404 937 3468 alii
960 3403 1114 3468 horizonti

71 3509 248 3593 adscriptas
267 3510 299 3573 in
312 3532 446 3574 carmen
463 3531 553 3573 suum
573 3509 779 3575 transtulisse.
825 3506 1034 3570 Luculentius
1055 3505 1112 3569 hoc

104 3691 270 3739 ⁸Pontedera
300 3692 400 3756 Antiqu.
431 3691 567 3739 latinarum
618 3689 674 3737 dum
687 3687 795 3737 Italicam
810 3687 924 3735 rationem
939 3685 1039 3735 Caesaris
1055 3700 1113 3734 auc·

69 3765 257 3829 Graecarumque
278 3764 436 3813 enarrationes
452 3773 523 3829 atque
542 3779 567 3813 e·
617 3762 704 3811 toritati
714 3771 823 3828 opponat.

71 3839 244 3895 mandationes,
254 3842 366 3902 precipua
378 3842 501 3902 adoeteris
511 3841 568 3887 onai
649 3836 661 3868 l
677 3838 715 3887 Ita
731 3837 795 3885 Plin.
812 3851 903 3901 semper
915 3834 980 3882 xviii.
994 3851 1013 3882 s.
1023 3835 1063 3882 66.
1080 3833 1114 3882 iii.

69 3917 182 3962 rationem
192 3917 322 3962 attinentes.
337 3915 423 3962 Patav.
434 3914 505 3962 1740.
520 3914 568 3971 Qui
620 3927 693 3960 nonas
701 3910 777 3975 April.
787 3909 812 3957 in
822 3913 899 3959 Attico
909 3907 1014 3973 Virgilius
1023 3907 1112 3972 vesperi

69 3986 107 4034 vir
122 3995 176 4051 post
192 3986 310 4035 Caesarem
327 3986 391 4034 aliud
407 3985 568 4035 kalendarium
618 3985 775 4034 occultantur.
802 3984 897 4032 Eadem
909 3980 1113 4048 postridieinBae·

68 4059 225 4110 emendatum
243 4070 268 4109 et
284 4061 361 4110 ltalia
379 4061 454 4124 magis
470 4060 569 4124 adapta·
619 4060 680 4108 otia:
698 4057 786 4107 Caesari
798 4066 822 4105 et
833 4055 952 4105 Chaldaeis
962 4053 1047 4102 Nonis.

69 4147 122 4184 tom
141 4150 193 4184 esse
207 4144 296 4191 censet,
308 4151 380 4200 quum
392 4135 484 4183 Plinius
499 4134 569 4183 inter·

116 4231 202 4277 von.
220 4232 254 4278 v.
753 4212 813 4272 30
