2806 5018
420 375 735 442 CONSOLATIO.
1034 369 1099 433 443

50 546 117 619 Illi
135 550 335 623 caeruleum
356 547 511 648 Panope
529 559 729 623 matertera
745 546 886 620 crinem
1023 547 1097 616 435

108 664 238 750 Solvit,
258 677 297 739 et
313 665 515 739 immensas
533 665 683 738 fletibus
702 663 808 736 auxit
825 685 964 758 aquas;

51 777 338 878 consortesque
358 780 451 857 Deae
470 793 635 866 centum,
654 782 896 875 longaevaque
912 775 1037 872 magni

107 894 251 969 Oceani
269 898 420 992 conjux,
439 895 691 993 Oceanusque
710 905 838 992 pater;
952 895 1099 988 [omnes

53 1009 108 1083 Et
125 1009 257 1084 Thetis
274 1022 361 1085 ante
379 1036 532 1087 omnes:
552 1011 620 1086 sed
638 1035 707 1084 nee
722 1009 853 1083 Thetis
867 1009 961 1106 ipsa,
973 1030 1099 1104 neque

109 1126 305 1201 Mutarunt
322 1129 418 1201 avidi
435 1129 557 1203 tristia
568 1130 655 1225 jura
674 1126 758 1200 Dei.
1024 1126 1099 1193 440

55 1243 191 1316 Prisca
208 1244 298 1341 quid
317 1247 389 1318 huc
408 1246 559 1343 repeto?
579 1244 802 1318 Marcellum
816 1239 975 1315 Octavia
984 1236 1097 1321 flevit,

111 1357 160 1431 Et
177 1358 278 1432 flevit
295 1361 432 1457 populo
452 1360 579 1434 Caesar
598 1371 795 1454 utrumque
815 1357 960 1454 palam;

59 1475 140 1549 Sed
157 1475 316 1573 rigidum
330 1479 393 1573 jus
411 1488 481 1562 est,
501 1489 540 1551 et
556 1475 770 1550 inevitabile
788 1473 937 1547 mortis:

111 1592 224 1665 Stant
240 1601 331 1678 rata,
351 1616 426 1665 non
444 1593 521 1667 ulla
537 1592 600 1665 fila
617 1591 782 1665 renenda
801 1614 925 1662 manu.

58 1707 149 1805 lpse
168 1708 235 1780 tibi
253 1708 412 1782 emissus
427 1710 598 1783 nebulosi
614 1709 722 1781 litore
741 1706 890 1791 Averni,
1027 1705 1101 1775 445

112 1822 154 1894 Si
170 1823 293 1908 liceat,
311 1823 395 1897 forti
413 1817 524 1898 verba
542 1834 597 1899 tot
613 1848 676 1897 ore
694 1832 823 1896 sonet:

61 1936 164 2021 Quid
183 1962 355 2011 numeras
374 1940 517 2012 annos?
544 1940 620 2012 vixi
639 1937 814 2011 maturior
832 1936 951 2009 annis

111 2051 209 2124 Acta
226 2077 354 2127 senem
373 2053 534 2127 iaciunt:
564 2055 644 2127 haec
664 2052 893 2126 numeranda
910 2051 999 2138 tibi;

62 2165 135 2239 His
153 2191 272 2241 aevum
291 2167 361 2241 suit
378 2169 622 2269 implendum,
642 2193 715 2241 non
731 2167 908 2263 segnibus
927 2166 1045 2240 aunis.

113 2280 298 2355 Hostibus
317 2284 464 2358 eveniat
482 2287 594 2381 longa
611 2295 766 2358 senecta
783 2283 888 2356 meis.
1030 2286 1104 2354 450

62 2396 148 2470 Hoc
163 2398 261 2470 atavi
279 2424 457 2474 monuere
476 2401 562 2488 mei,
583 2400 783 2498 proavique
803 2397 996 2473 Nerones:

26 2542 29 2549 ’
113 2513 321 2610 Fregerunt
338 2516 449 2589 ambo
467 2515 614 2590 Punica
630 2516 730 2590 bella
746 2516 863 2588 duces
879 2543 889 2603 ;

684 2661 697 2685 Ο

670 2688 688 2722 s

10 2786 12 2793 ,
96 2740 154 2786 435.
173 2737 214 2786 lili
230 2740 351 2788 emisam
369 2741 461 2802 Panope
478 2745 561 2791 crinem
612 2742 758 2805 nona,Drun
775 2750 882 2801 numerat
899 2737 1109 2805 palmas,credidit

59 2812 151 2873 soloin]
177 2811 205 2859 id
217 2820 260 2868 est,
270 2813 365 2878 Panope
376 2830 438 2862 soror
447 2815 563 2871 Thetidis,
611 2832 662 2866 esse
672 2816 778 2864 senem.”

60 2902 118 2951 quae
129 2885 232 2933 Achillis
243 2896 327 2941 mater,
336 2887 412 2935 crines
421 2904 476 2936 suos
484 2889 563 2947 solvit,
645 2891 700 2938 449.
716 2890 760 2937 His
770 2888 897 2952 euumfuit
907 2888 1052 2948 implendum,
1063 2904 1108 2935 oon

60 2958 150 3007 audita
170 2960 233 3007 iltius
254 2959 381 3022 (Achillis)
401 2971 482 3010 morte.
524 2963 563 3010 De
612 2965 715 3028 segnibus
731 2963 819 3024 sarria]
839 2968 854 2989 “
868 2964 950 3024 Longa
965 2970 1001 3008 est
1015 2961 1072 3016 vita,
1089 2961 1109 3008 si

60 3034 133 3081 luctu
152 3048 207 3081 vero
227 3033 341 3089 Thetidis,
364 3034 459 3084 vidend.
480 3035 565 3092 Quint.
613 3038 683 3102 plenu
709 3045 752 3085 est.
785 3036 900 3100 Impletus
926 3044 1014 3090 autem,
1035 3051 1109 3099 quum

63 3106 153 3156 Calab.
180 3106 213 3154 iii.
236 3109 284 3155 604
305 3125 357 3173 sqq.
385 3126 454 3174 quem
486 3110 564 3158 locum
614 3111 708 3164 animus,
718 3110 763 3158 sibi
779 3111 864 3157 bonum
882 3123 950 3155 suurn
965 3107 1075 3163 reddidit,
1085 3115 1111 3156 et

64 3179 156 3229 adiisse
168 3195 213 3227 non
225 3180 321 3245 pigebit.
615 3185 645 3232 ad
663 3199 688 3231 se
702 3191 840 3247 potestatem
856 3181 892 3229 sui
907 3181 1050 3237 transtulit?
1067 3182 1110 3228 Se·

98 3253 158 3301 441.
169 3253 306 3303 Moralium
318 3255 414 3302 Octavio
423 3256 514 3319 flevit]
534 3257 566 3303 Et
615 3272 666 3306 uec.
677 3256 752 3322 Epist.
762 3257 805 3304 93.

63 3326 194 3374 immodice
216 3327 320 3391 quidem,
341 3328 360 3376 si
381 3328 439 3376 fides
460 3330 565 3385 Seneca,
649 3333 704 3379 451.
716 3331 766 3378 Hoc
776 3332 838 3376 atavi
848 3344 953 3376 montrera
963 3329 1013 3382 mei,
1021 3330 1111 3388 prouvi-

63 3399 206 3465 supradicta
221 3401 340 3451 Consolat.
357 3418 410 3466 cap.
425 3403 457 3450 ii:
476 3411 491 3431 ‘⁴
505 3404 528 3450 N
530 3405 566 3452 ul·
615 3423 657 3467 que
670 3404 791 3467 Nerones]
802 3402 863 3451 Livii
873 3402 994 3449 scilicetet
1005 3400 1111 3449 Claudii.

63 3474 117 3521 lum
130 3473 256 3539 linem,per
267 3490 335 3523 omne
342 3475 396 3523 vita
406 3491 454 3524 suas
464 3485 565 3541 tempus,
616 3480 703 3527 Narrat
721 3479 770 3525 Tit.
790 3478 840 3525 Liv.
859 3476 900 3524 lib.
919 3475 992 3523 xxvii.
1009 3477 1049 3522 46.
1063 3477 1111 3536 49;

64 3547 150 3603 flendi,
172 3548 328 3612 gemendique
350 3549 420 3607 lecit;
444 3565 488 3599 nec
504 3551 567 3600 ullas
617 3553 782 3608 Asdrubalem,
794 3552 896 3617 quicum
908 3549 996 3598 recenti
1007 3549 1113 3600 exercitu

65 3620 165 3668 admisit
184 3638 254 3670 voces
271 3623 374 3672 salutare
392 3623 482 3688 aliquid
501 3624 566 3673 adie·
618 3627 692 3692 Alpes
706 3642 734 3674 eo
750 3625 846 3673 consilio
857 3622 1041 3680 transcenderat,
1051 3633 1078 3673 ut
1088 3640 1114 3674 se

65 3704 155 3750 rentes,
177 3712 206 3744 ne
227 3699 319 3746 avocari
341 3697 437 3762 quidem
455 3713 479 3746 se
498 3715 567 3763 pessa
618 3717 671 3749 cum
693 3701 762 3748 fratre
783 3699 901 3748 Annibale
921 3698 1080 3763 conjungeret,
1100 3715 1115 3748 a

64 3780 112 3817 est.
146 3770 243 3819 Intenta
262 3771 286 3819 in
306 3787 376 3819 uuam
396 3787 453 3827 rem,
476 3781 499 3820 et
519 3783 567 3821 toto
618 3777 656 3823 M.
669 3775 734 3822 Livio
743 3773 873 3821 Salinatore
885 3771 972 3821 victum
987 3787 1015 3820 ac
1025 3787 1114 3820 cresum

67 3843 150 3891 animo
165 3845 244 3900 affixa,
261 3845 314 3894 talis
332 3861 373 3909 per
390 3861 481 3893 omnem
495 3845 567 3895 vitam
619 3865 684 3907 esse;
701 3865 800 3913 eamque
820 3847 939 3896 victoriam
960 3863 1006 3894 non
1027 3847 1115 3897 minore

67 3917 123 3973 suit,
135 3916 213 3980 qualis
224 3918 248 3965 iu
260 3917 365 3967 lunere.‘’
619 3938 690 3987 opera
705 3921 799 3971 Claudii
815 3922 924 3978 Neronis,
938 3921 1034 3970 alterius
1051 3921 1114 3971 Con-

102 3992 161 4040 448.
177 3993 237 4039 Arte
252 4009 323 4041 senem
331 3995 445 4057 jirciunt:
463 3995 508 4041 lues
524 4011 570 4041 uu·
618 3996 686 4052 sulis,
706 4012 755 4044 esse
784 4006 884 4060 partem,
902 4004 1023 4062 propterea
1041 3995 1114 4059 quod,

69 4069 179 4114 Mandu
191 4067 254 4130 tibi]
267 4068 374 4118 Martial.
385 4085 408 4116 r.
419 4069 459 4117 53.
470 4068 499 4116 de
511 4084 569 4132 quo·
619 4085 693 4133 quum
700 4068 814 4117 Annibali
824 4071 944 4135 oppositus
950 4078 1018 4124 esset,
1027 4066 1116 4115 relictis

67 4140 125 4188 dam
136 4141 234 4204 Scorpo,
245 4142 327 4205 auriga
338 4141 426 4190 famoso
436 4143 493 4206 Ep:
506 4143 570 4191 ‘'ln-
619 4141 653 4191 ita
678 4144 761 4191 castris
782 4153 808 4191 ut
830 4143 917 4191 hostem
942 4143 1034 4197 lateret,
1052 4141 1115 4189 lecta

69 4214 123 4262 vida
135 4229 207 4280 quem
218 4216 332 4265 Lachesis
349 4223 442 4281 raptum
454 4216 571 4265 trieteride
621 4230 692 4264 manu
707 4216 834 4280 proiectus,
847 4216 1004 4265 Asdrubalem
1015 4214 1116 4264 circum·
