2806 5018
443 372 701 454 arsionum
727 373 816 438 nra.
841 373 885 440 v.
1125 377 1191 442 aaa

141 541 241 619 Htiic
260 566 331 638 ego
343 546 505 640 juratus,
524 545 629 618 vobis
648 546 686 620 iu
701 547 815 620 verba
832 546 986 633 vocatis,

188 658 391 755 conjugio,
410 661 502 747 dixi,
521 662 602 735 sola
618 661 741 736 fruere
759 687 856 737 meo.
1113 763 1115 766 Α

142 773 191 853 Et
207 776 300 861 dixi,
320 787 360 850 et
376 800 506 865 serv03
531 779 600 852 sed
617 778 718 852 euim
735 779 884 853 diversa
900 779 1071 854 voluntas

191 889 262 964 Est
279 892 392 965 mihi:
413 916 483 965 nec
500 896 652 990 conjux,
667 906 706 967 et
721 907 827 991 pater
845 917 930 968 esse
948 895 1043 968 volo.
1114 900 1188 970 530

142 1006 362 1081 adnuerant
377 1032 528 1082 omnes:
557 1034 689 1083 omnes
707 1012 755 1083 ad
773 1022 878 1105 terga
891 1012 1043 1107 juvenci

190 1122 475 1198 Constiterant:
502 1126 624 1222 pudor
639 1138 698 1201 ost
715 1127 890 1200 ulteriora
909 1126 1027 1221 loqui.

142 1237 237 1311 Tum
256 1239 510 1336 superinjecta
527 1252 656 1314 texere
675 1242 866 1315 madentia
888 1251 1011 1317 terra:

187 1353 352 1451 Jamque
370 1357 503 1430 decem
522 1381 693 1446 mensem
723 1369 762 1430 et
780 1381 873 1455 puer
890 1366 993 1428 ortus
1011 1367 1103 1431 erat.

143 1467 253 1542 Hunc
272 1469 450 1566 Hyrieus,
469 1472 561 1568 quia
577 1472 631 1545 sic
650 1473 813 1567 genitus,
831 1483 943 1545 vocat
962 1469 1124 1545 Uriona:

188 1583 360 1657 Perdidit
375 1586 569 1681 antiquum
590 1587 698 1660 litera
716 1587 835 1685 prima
852 1610 999 1660 sonum.
1112 1589 1185 1660 536

143 1699 319 1773 Creverat
336 1699 582 1775 immensum:
612 1704 788 1778 comitem
806 1702 877 1775 sibi
898 1701 1008 1776 Delia
1026 1701 1183 1777 sumsit:

189 1815 258 1889 Ille
276 1816 356 1888 deae
374 1829 516 1892 custos.
535 1818 597 1892 ille
619 1820 770 1893 satelles
787 1829 882 1893 erat.

143 1939 265 2012 Verba
282 1949 434 2012 movent
450 1939 523 2012 iras
541 1965 615 2013 non
634 1943 910 2039 circumspecta
926 1942 1103 2015 deorum:

188 2054 312 2138 Quam
330 2078 528 2150 nequeam,
548 2057 657 2144 dixit,
671 2059 833 2143 vincere,
851 2057 956 2129 nulla
972 2056 1054 2130 fera
1068 2069 1140 2130 est.

154 2207 229 2259 531.
257 2207 326 2256 Unus
349 2206 506 2256 Fameaianus
530 2213 633 2258 constita-
685 2210 735 2258 tuni
747 2210 852 2258 lecerunt
863 2223 893 2258 ex
904 2208 1015 2273 Euryale,
1025 2209 1116 2259 Minois
1125 2207 1184 2266 filla,

144 2290 194 2330 urat
203 2298 213 2338 ,-
230 2289 281 2328 tum
293 2281 405 2330 Heinsius
418 2281 490 2330 etiam
500 2293 634 2332 annuntiat
685 2283 768 2340 iliam,
779 2291 852 2346 atque
863 2282 923 2331 adeo
938 2282 1094 2333 lroasatioram
1110 2283 1186 2332 elde-

144 2354 185 2419 agi
209 2353 281 2408 vult3
309 2352 351 2402 sed
378 2354 635 2420 plusquamperfectum
686 2355 771 2404 derunt
787 2355 908 2419 originem.
941 2354 1036 2405 Nomen
1056 2364 1136 2404 autem
1154 2356 1184 2404 ab

144 2443 198 2477 reae
217 2443 243 2475 se
261 2427 340 2482 habet,
358 2427 497 2491 indicatque
518 2429 636 2491 paratissi·
688 2431 745 2477 Oreo
764 2437 851 2485 monte,
869 2428 894 2477 iu
912 2445 959 2492 quo
978 2429 1102 2486 educatus,
1117 2444 1185 2478 acre·

144 2500 271 2552 minima
281 2500 338 2549 deos
349 2501 378 2548 ad
391 2499 437 2548 ista
447 2500 572 2560 facienda,
583 2501 638 2552 vide
686 2503 748 2567 pisse
767 2501 854 2566 legitur
872 2501 936 2570 apud
952 2503 1099 2561 Strabonem,
1117 2520 1142 2555 a.
1160 2521 1186 2568 p.

144 2575 221 2625 31111.
232 2574 263 2622 ad
275 2575 412 2625 Homerum.
424 2574 454 2622 ll.
465 2579 498 2623 A.
511 2575 551 2624 37.
562 2591 586 2638 p.
599 2577 637 2624 10.
688 2578 744 2626 632.

144 2649 251 2700 aornim
265 2651 338 2698 etiam
354 2658 431 2714 putat,
442 2665 540 2698 vaccam
559 2666 574 2699 a
591 2650 637 2700 diis
717 2650 775 2700 537.
797 2652 904 2699 Creverat
921 2651 1074 2716 immerseram]
1087 2651 1186 2718 Apollo·

144 2739 190 2774 aaa
209 2722 303 2779 initam,
322 2722 423 2786 ideoque
436 2727 542 2784 juvenca
562 2724 637 2772 dedit.
686 2720 906 2773 dorusdictoloeo:
924 2727 1017 2774 τοῦτον
1032 2729 1128 2791 γηγενῆ
1145 2725 1185 2776 λε’·

144 2797 214 2847 'nmo
224 2806 359 2846 sumserunt
369 2815 376 2843 τ
395 2798 445 2857 τὴν
455 2799 498 2845 τοῦ
509 2797 635 2862 ἱερουργη-

144 2869 224 2929 brot
240 2871 325 2929 αὐτοῖς
344 2870 405 2932 βοὸς
423 2871 533 2934 βύρσαν·
559 2873 635 2921 Pala-

145 2944 205 2996 irat.
232 2946 401 2994 Mutarim&
412 2955 488 3003 rouro,
499 2964 563 3008 quem
575 2947 635 2995 Her·

145 3021 198 3069 111
217 3019 290 3081 (lom
313 3019 429 3082 Hyrs'sttsl
452 3023 472 3067 σι’
499 3023 636 3077 iaunolurat,

145 3097 225 3143 mian
240 3096 355 3156 pret-liu
375 3094 492 3157 Hyginus,
510 3095 559 3143 tib.
580 3096 635 3144 195.

145 3168 243 3233 leliqua
259 3168 323 3217 idem
344 3170 413 3218 Puet.
430 3170 528 3216 Astron.
546 3168 573 3216 ii.
592 3171 635 3217 31.

145 3241 234 3292 nutui
258 3241 415 3306 dithyrambis
436 3242 543 3306 (Strabo,
567 3260 591 3291 1.
612 3260 637 3307 p.

686 2796 933 2863 γουσινὺπιρμεγέθη
950 2799 1067 2863 sinopa.
1093 2800 1185 2848 Secun-

686 2872 742 2919 dum
751 2872 1185 2937 Eratosttrium,l‘almpliat.et'l'lreou.

686 2943 717 2992 ad
728 2944 797 2993 Aret.
807 2961 832 3010 p.
844 2947 884 2992 80.
898 2944 972 2994 Orion
983 2946 1030 2994 rim
1046 2945 1131 2994 inferre
1143 2963 1184 2995 vo·

686 3017 732 3065 luit
750 3018 835 3066 Dianai
856 3020 961 3073 venanti,
982 3018 1025 3067 illa
1046 3034 1101 3066 vero
1125 3019 1185 3069 itala

686 3089 802 3155 scorpium
814 3106 828 3140 e
840 3100 902 3139 terra
910 3090 1022 3155 protulit;
1039 3106 1111 3155 aquo
1122 3091 1185 3140 ictus

686 3163 761 3211 Orion
779 3163 858 3227 periit,
869 3163 911 3212 red
927 3178 942 3211 a
955 3165 1016 3213 Jove
1031 3163 1092 3213 iuter
1106 3163 1185 3215 sidera

687 3237 775 3285 relatus
784 3248 828 3285 eat.
851 3234 901 3284 Alii
912 3252 966 3285 eum
974 3236 1122 3285 Callimacho
1130 3253 1184 3286 nar·

145 3314 256 3376 audrie
271 3327 364 3365 narrat:
383 3323 435 3366 “at
452 3316 516 3380 quod
531 3316 637 3364 fecerant
686 3311 779 3366 rabant,
801 3311 919 3359 confixum
943 3326 997 3359 aum
1022 3325 1073 3359 essa
1094 3310 1186 3376 sagittis
1259 3319 1261 3322 ·

145 3391 210 3441 utu·
228 3390 254 3440 in
270 3388 358 3439 curium
375 3391 498 3446 infudisse,
511 3399 536 3438 et
553 3389 577 3438 id
591 3391 636 3439 sub
687 3385 790 3444 Ditem,
807 3384 925 3449 Hyginus,
936 3384 961 3433 ii.
972 3385 1013 3433 34.
1040 3384 1184 3435 Indaetiam

145 3476 200 3515 esra
220 3463 276 3529 poni
295 3465 407 3528 jurmero:
436 3480 465 3512 ex
487 3458 535 3528 quo
555 3473 637 3528 postea
688 3459 808 3515 limatius,
825 3458 875 3506 111.
887 3458 936 3506 Od.
949 3458 1039 3507 iv.71:
1058 3465 1073 3485 “
1085 3457 1183 3525 integro

145 3545 219 3586 iatum
232 3553 421 3602 puerum‚quem
438 3539 540 3602 Hyrieus
550 3554 563 3586 e
574 3538 637 3587 lacto
686 3534 799 3583 Tentator
816 3533 890 3581 Orion
906 3532 1002 3588 Dianae,
1013 3531 1125 3596 Virginea
1141 3532 1182 3582 do·

145 3611 227 3662 laima
237 3611 487 3677 aominaappellaret:
505 3612 634 3660 seductus·
684 3608 756 3655 mitus
766 3606 878 3670 sagittm’'
911 3606 959 3655 Sed
969 3604 1100 3662 traditioni,
1111 3622 1185 3673 quam

145 3693 184 3736 ata
200 3692 228 3733 et
246 3686 418 3735 cousuetudine
436 3687 526 3734 tactum
545 3694 590 3740 est,
609 3695 635 3734 ut
685 3681 785 3730 Ovidius
799 3689 894 3729 secutus
908 3689 954 3737 eat,
964 3679 1066 3730 similam
1077 3681 1126 3729 lars
1141 3681 1184 3730 lra-

146 3758 369 3808 remuneratrix·
403 3759 542 3823 Palmphato
557 3757 636 3808 dictus
685 3756 726 3802 bat
741 3754 859 3818 Hyginus,
869 3753 896 3802 ii.
905 3754 945 3802 26.
973 3753 1128 3816 Gmellipnro
1141 3759 1184 3804 dm

146 3841 172 3882 at
191 3832 301 3896 θὺρᾶυν,
320 3831 360 3882 διὰ
381 3836 409 3882 τὸ
429 3833 537 3896 οὐρῆσαι
553 3833 635 3894 ὥσπερ
686 3829 777 3877 lamus
790 3829 863 3876 etiam
877 3829 979 3877 Metam.
996 3827 1183 3877 1113151051-

146 3907 192 3964 οῦς
205 3908 284 3964 diade·
304 3907 389 3957 lamro
405 3907 456 3955 κατ’
475 3907 635 3970 εὐφημωμὸν,
687 3911 733 3957 tur,
753 3913 777 3951 et
794 3901 887 3951 videtur
909 3902 952 3951 hoc
975 3917 1060 3950 nomen
1081 3902 1112 3950 alr
1133 3901 1185 3967 ipso

146 3980 235 4043 ῦρίυν.
268 3981 308 4030 Sia
328 3991 354 4029 et
373 3981 424 4036 alii,
446 3988 473 4028 ut
490 3979 586 4027 Servius
605 3979 636 4028 ad
687 3977 774 4027 Ouidio
789 3979 945 4042 compositum
960 3992 1021 4026 asae.
1048 3976 1185 4032 Furradcae,

146 4053 233 4102 Eaeid.
245 4053 263 4101 i.
273 4055 330 4104 539.
341 4053 383 4118 qui
396 4062 474 4117 putat,
487 4051 575 4101 Dorica
590 4051 636 4100 lin·
687 4050 814 4099 immittere
827 4050 920 4115 spicula
930 4066 972 4098 rua
983 4049 1006 4097 in
1017 4049 1086 4097 deam
1098 4067 1105 4106 ς
1123 4049 1184 4097 Bur·

146 4135 351 4186 manumittantur
362 4143 414 4177 ease
431 4129 489 4175 inu.
517 4127 636 4175 Craterum
688 4140 788 4173 mannus
798 4134 918 4188 comparat
920 4124 1017 4187 jatrum
1020 4123 1109 4186 ιῘιψιίο
1114 4122 1185 4186 serre

146 4196 289 4264 Pherecydes
303 4211 328 4251 et
339 4201 459 4251 Hesiodus
470 4199 559 4248 Oriona
570 4200 636 4263 liep-
688 4197 750 4261 apud
762 4197 854 4252 Silium,
866 4196 898 4246 ix.
909 4197 966 4245 519.
