2806 5018
364 367 802 434 PRAEFATIUNCULA.
1043 369 1110 432 415

56 541 246 605 monstravit
257 538 462 616 Torrentius,
474 540 516 603 ad
529 540 646 604 Horat.
662 539 780 615 locum,
792 540 851 603 sed
864 539 944 603 nihil
958 540 1107 616 adduxit,

55 635 145 706 uude
174 652 299 708 constet
325 643 491 725 scripsisse
519 663 593 705 eum
621 642 872 706 Coa-solationem
897 643 943 705 od
960 640 1107 704 Liuiam:
1180 677 1185 687 ·

57 739 247 828 conspirant
261 764 337 806 vero
352 741 463 818 multa,
480 765 554 826 quae
570 742 690 807 Ovidio
704 741 879 826 legitimam
895 744 1075 806 restituant.

102 845 308 928 Sitempora
330 854 524 928 spectemus,
546 844 665 907 occidit
686 843 827 918 Drusus
847 844 881 905 in
906 845 1030 928 campis
1050 865 1110 908 aas·

57 945 144 1022 tisis,
165 969 206 1011 eo
227 947 299 1030 ipso
323 966 419 1020 anno,
441 966 505 1028 quo
528 944 561 1007 in
587 943 718 1008 exilium
741 942 853 1027 pulsus
876 944 979 1020 Naso,
1002 944 1110 1009 Roma

57 1048 240 1132 emigravit,
258 1069 367 1110 mense
388 1045 578 1121 Novembri,
595 1066 626 1107 Α.
645 1066 678 1108 n.
695 1047 739 1108 ix.
786 1044 871 1107 Tam
892 1055 1110 1128 opportunam

58 1149 160 1234 igitur
185 1159 315 1213 nactum
340 1148 540 1211 occasionem
565 1145 718 1210 flectendi
742 1145 891 1221 Caesaris,
915 1156 948 1209 et
971 1146 1108 1223 Liviam,

58 1250 296 1335 Tiberiumque
318 1250 379 1313 sibi
400 1247 603 1324 conciliandi,
623 1251 694 1333 quis
715 1249 828 1312 credat
847 1270 913 1311 non
934 1249 1110 1331 arripuisse

58 1351 355 1436 promptissimum?
401 1349 468 1413 Sed
501 1351 622 1413 cavisse
657 1348 750 1412 simul
781 1348 948 1433 probabile
978 1358 1039 1425 est,
1068 1370 1110 1413 ne

59 1475 139 1517 suus
160 1453 224 1536 ipsi
244 1463 359 1515 auctor
380 1450 540 1536 Epistolae
562 1462 711 1527 noceret3
735 1452 874 1535 ideoque
897 1452 1023 1515 nomine
1045 1472 1111 1514 non

59 1575 122 1618 suo
144 1554 283 1637 primum
308 1552 467 1629 emisisse;
497 1553 694 1636 tacitumque
719 1563 919 1636 expectasse,
943 1553 1015 1636 quis
1040 1574 1111 1616 eam

60 1675 235 1719 successus
251 1653 341 1737 apud
355 1653 544 1738 Augustum
560 1655 744 1737 exciperet3
768 1676 827 1718 nec
844 1655 905 1717 sibi
921 1675 1064 1739 unquam
1077 1654 1112 1716 in

59 1765 228 1840 posterum
243 1777 325 1839 opus
341 1755 530 1831 vindicasse,
546 1755 634 1839 quod
650 1754 819 1819 infeliciter
833 1755 916 1833 adeo
931 1757 1088 1820 cessisset.

107 1855 144 1919 Si
169 1878 246 1919 vero
272 1856 313 1919 ad
339 1878 422 1940 opus
447 1857 553 1940 ipsum
579 1857 771 1939 respexeris,
796 1855 876 1919 nihil
901 1856 970 1920 fere
994 1857 1113 1942 depre-

60 1957 201 2033 hendas,
225 1958 312 2042 quod
341 1979 406 2021 non
432 1957 596 2033 Ovidium,
623 1969 657 2020 et
685 1979 815 2020 auream
839 1957 966 2021 Latinae
991 1957 1112 2042 lingum

60 2069 191 2124 aetatem
204 2057 336 2134 referat,
350 2081 450 2121 unum
464 2059 491 2122 si
505 2056 598 2121 tollas
613 2056 787 2121 alterumve
802 2056 919 2132 locum,
931 2068 1112 2142 temporum

60 2160 183 2244 injuria
204 2158 372 2223 manifeste
392 2159 613 2243 depravatum.
659 2158 733 2222 Nec
757 2157 850 2222 aliter
871 2159 1020 2223 videntur
1041 2181 1113 2223 sen-

61 2261 145 2324 sisse
174 2260 270 2344 primi
300 2282 434 2344 operum
466 2262 536 2345 ejus
567 2260 719 2335 editores,
745 2261 801 2344 qui
828 2283 928 2345 quum
959 2283 978 2324 e
1008 2261 1110 2325 MSS.

60 2361 212 2446 proxime
237 2361 468 2436 exscriberent,
495 2360 628 2425 ovidio·
643 2372 828 2424 constanter
856 2360 1003 2446 Elegiam
1028 2361 1112 2426 hanc

63 2463 279 2527 donaverunt.
325 2462 495 2528 Donemus
512 2463 610 2547 igitur
628 2474 661 2527 et
677 2485 736 2526 nos
750 2484 892 2546 quoque,
908 2463 1014 2528 donec
1030 2466 1115 2549 ejus-

62 2563 153 2627 modi
164 2573 361 2647 consurgant
376 2574 576 2648 argumenta,
588 2586 662 2649 quae
677 2564 797 2627 nodum
812 2563 990 2641 exsolvant,
1004 2566 1114 2649 sicque

61 2686 185 2729 novum
202 2676 342 2748 poetam,
358 2675 392 2728 et
405 2665 572 2750 egregium
586 2667 729 2750 quidem,
745 2666 888 2750 Augusti
905 2665 1023 2731 saeculo
1040 2689 1115 2732 con·

62 2765 281 2851 gratulentur.

110 2866 257 2950 Dignum
270 2878 340 2930 erat
354 2869 502 2951 profecto
516 2866 580 2932 tale
595 2889 734 2944 carmen,
747 2870 836 2953 quod
847 2880 922 2953 post
934 2868 1113 2952 Micyllum,

64 2965 277 3052 Scaligerum,
293 2977 326 3030 et
341 2967 431 3043 alios,
448 2967 575 3032 Heinsii
590 2980 623 3032 et
638 2968 815 3033 Burmanni
831 2970 1007 3033 studiosam
1024 2991 1117 3052 saga-

63 3056 197 3133 citatem
226 3080 412 3144 exerceret;
444 3070 503 3133 sed
534 3091 599 3132 non
631 3092 680 3144 ea,
711 3092 775 3153 qua
806 3068 921 3145 solent,
951 3068 1113 3133 felicitate.

65 3169 288 3234 Burmannum
306 3172 486 3256 praesertim
506 3171 559 3236 hic
580 3194 642 3255 ego
661 3172 716 3234 vix
735 3193 887 3255 agnosco,
903 3171 958 3254 qui
976 3182 1062 3234 totus
1082 3171 1116 3233 in

65 3269 310 3346 effundendam,
331 3294 397 3356 qua
419 3283 531 3349 tumet,
554 3272 662 3348 bilem,
683 3272 946 3335 nauseabundam
970 3270 1116 3335 carminis

64 3371 165 3457 hujus
191 3374 491 3438 commentationem
516 3373 601 3437 ultra
630 3374 759 3436 modum
788 3395 914 3436 omnem
943 3395 981 3436 ea
1010 3382 1116 3462 mente

65 3473 235 3557 produxit,
269 3485 305 3537 ut
339 3474 480 3539 dicteriis
515 3474 676 3539 Clericum
712 3476 886 3540 incesseret
896 3471 921 3548 d,
954 3472 1116 3537 Editionis

97 3738 110 3772 ὓ
127 3739 188 3788 Jsoa
203 3739 235 3788 Ia
252 3739 326 3796 clerc,
339 3741 424 3790 Latine
439 3741 556 3798 Clericus,
569 3751 640 3791 natus
653 3750 704 3791 erat
715 3742 830 3796 Genava,
842 3759 866 3790 s.
875 3759 899 3789 a.
912 3742 983 3791 1657.
1015 3740 1059 3790 Vir
1074 3741 1119 3791 ruit

65 3819 181 3868 doctriua
200 3835 214 3867 a
232 3821 318 3882 teneris
336 3831 384 3868 tarn
402 3821 528 3869 immodica
546 3821 656 3886 cupidus,
671 3834 697 3871 ut
713 3821 785 3870 sacris
800 3821 871 3869 simul
888 3831 912 3870 et
928 3820 1032 3886 profanis
1045 3820 1119 3869 literis

63 3913 162 3965 operam
181 3899 347 3964 impenderet;
367 3908 391 3948 et
409 3915 456 3965 quo
473 3908 578 3964 tempore
596 3901 723 3966 scriptores
740 3916 818 3950 sacros
836 3900 974 3957 illustraret,
991 3908 1032 3949 aut
1049 3901 1120 3948 rebus

64 3977 209 4043 theologicis
222 3988 326 4036 vacaret,
343 3979 442 4028 Graecos
459 3988 484 4028 et
502 3981 597 4029 Latinos
614 3991 723 4031 auctores
740 3980 870 4047 susciperet
887 3981 1080 4047 interpretandos,
1096 3988 1123 4028 et

64 4057 212 4123 questiones
223 4057 378 4123 philologicas
389 4059 450 4108 viros
459 4059 521 4106 inter
532 4059 615 4107 doctos
629 4071 741 4110 moveret.
776 4062 845 4111 Unde
855 4061 967 4111 affectum
977 4069 1021 4116 est,
1032 4067 1058 4106 ut
1069 4074 1120 4106 raro

65 4137 225 4188 festinationis
242 4138 325 4187 vitium
341 4138 367 4187 in
384 4138 508 4188 scribendo
530 4137 653 4202 effugerim
678 4151 702 4190 et
720 4142 838 4191 secundas
856 4151 947 4191 tanturn
969 4147 1058 4193 teneat,
1078 4136 1118 4200 qui
