2806 5018
173 354 240 420 292
467 351 506 415 P.
530 349 692 416 ovlml
717 347 929 414 NASONIS

179 526 367 625 Displicet
383 523 525 598 haeredi
544 522 711 598 mandati
729 547 821 596 cura
837 521 1026 620 sepulcri:

228 641 402 715 Mortuus
421 640 591 714 Ausonia
607 638 781 712 conditur
799 640 937 737 hospes
956 637 1088 709 humo.

181 757 338 855 Scirpea
356 781 424 855 pro
443 757 484 828 dt
495 755 595 829 mino
612 754 738 828 Tiberi
753 756 919 851 jactatur
936 753 1077 848 imago,

229 871 284 944 Ut
300 882 449 970 repetat
466 871 602 945 Graias
621 895 688 969 per
705 870 801 944 freta
818 872 930 966 longa
947 870 1100 942 domos.
1159 871 1220 940 660
1244 863 1247 869 ’

180 986 396 1061 Hactenus:
427 998 469 1059 ut
485 986 568 1059 vivo
586 986 702 1058 subiit
719 987 882 1058 rorantia
898 1008 993 1058 saxo

230 1105 370 1192 Antra;
401 1103 503 1177 leves
521 1126 672 1175 cursum
691 1103 921 1175 sustinuistis
939 1125 1064 1199 aquae.

181 1219 328 1293 Cunus
344 1243 461 1318 nepos
475 1218 654 1304 Atlantis,
666 1220 775 1305 ades;
799 1243 913 1315 quem
931 1218 1132 1291 montibus
1147 1214 1222 1289 olim

232 1336 362 1409 Edidit
378 1335 536 1409 arcadiis
556 1334 683 1407 Pleias
702 1357 776 1407 una
793 1333 897 1407 Jovi:

181 1449 295 1525 Pacis
314 1462 353 1525 et
370 1474 556 1524 armorum
572 1450 720 1547 superis
740 1449 902 1546 imisque
918 1449 1080 1521 deorum
1162 1447 1223 1518 665

231 1565 396 1650 Arbiter,
417 1566 518 1638 alato
536 1565 602 1660 qui
621 1565 718 1662 pede
735 1565 859 1661 carpis
877 1563 960 1650 iter,

185 1680 288 1754 Laete
306 1681 397 1779 lyroe
415 1680 539 1778 pulsu,
559 1680 679 1753 nitida
696 1703 849 1776 quoque
867 1680 953 1753 laete
970 1680 1170 1777 palmeum

233 1794 321 1879 Quo
339 1795 473 1887 didicit
490 1796 591 1868 culte
609 1796 738 1892 lingua
754 1794 903 1869 favente
920 1794 1040 1890 loqui.

184 1908 345 2008 Templa
363 1911 430 1983 tibi
449 1934 608 2009 posuere
626 1921 751 2008 patres
770 1908 983 2007 spectantia
1001 1909 1147 1982 circum

234 2025 386 2100 Idibus:
416 2050 465 2099 ex
487 2027 550 2099 illo
570 2038 629 2100 est
646 2027 726 2099 haec
745 2025 813 2098 tibi
830 2023 928 2099 festa
945 2024 1042 2097 dies.
1163 2024 1226 2094 670

185 2286 232 2332 cet,
246 2276 327 2324 solitos
344 2292 395 2325 esse
407 2277 504 2325 Grecos
521 2276 611 2324 cineres
625 2275 683 2323 ami·
732 2289 788 2338 ergo
798 2276 855 2329 udo,
868 2273 923 2338 quia
936 2272 1050 2322 Pleiades
1064 2270 1152 2337 passim
1164 2266 1230 2335 poeti!

184 2365 264 2398 corum
275 2358 342 2397 extra
351 2350 452 2413 patriam
466 2358 609 2395 mortuorum
623 2347 684 2396 arcis
733 2364 827 2410 aquosa,
846 2349 951 2402 mudidc,
968 2345 1097 2408 imbrifera
1116 2343 1231 2397 dicuntum

185 2422 288 2471 inclusos
299 2423 394 2470 domum
407 2421 539 2486 deportare.
568 2423 683 2484 Sepultus,
735 2421 777 2468 sed
792 2417 987 2467 Burmannusud
1004 2415 1107 2465 Heroid.
1122 2433 1163 2464 ar.
1183 2413 1230 2461 162.

186 2509 335 2559 quocumque
353 2495 423 2542 modo
437 2494 554 2547 conditur.
570 2496 642 2542 etiam
660 2495 684 2543 iu
733 2494 803 2542 docet
817 2510 889 2541 unum
910 2493 1007 2540 Pleiade
1023 2489 1151 2540 rectedici
1166 2501 1230 2538 uuam

187 2583 273 2632 aquam
288 2569 410 2632 abjectum
426 2567 535 2632 Cupcrus
547 2569 571 2616 in
582 2569 683 2616 Observ.
735 2584 764 2617 ex
782 2567 929 2616 Pleiadibus.
967 2567 999 2613 Et
1016 2565 1062 2614 hoc
1081 2566 1135 2614 loco
1150 2564 1232 2612 iam·

187 2643 205 2690 i.
219 2643 242 2689 7.
734 2642 803 2690 mode
820 2644 868 2688 adu
886 2640 954 2689 nobis
976 2639 1058 2688 Pleias
1080 2638 1231 2687 exhiberetur.

220 2717 276 2763 661.
296 2715 414 2763 Hactenus
428 2717 521 2764 locutus
535 2724 570 2762 est
585 2715 684 2763 Tiberis.
738 2718 861 2772 Montibus,
870 2715 972 2779 Cyllene
984 2723 1078 2762 monte.

189 2788 218 2836 ln
246 2788 407 2843 foraminibus,
429 2788 492 2836 unda
516 2787 601 2835 fluvius
628 2788 685 2844 erit,
768 2792 825 2839 666.
844 2792 936 2837 Arbiter
953 2787 1017 2836 idem
1036 2786 1105 2851 quod
1121 2789 1233 2846 interpres,

190 2870 265 2926 poetae
283 2862 404 2926 fingebant
421 2872 498 2917 urrtru,
513 2864 536 2910 in
551 2862 638 2926 quibus
653 2863 686 2910 dii
735 2865 851 2928 pecirrm
886 2863 914 2918 is,
937 2878 978 2927 per
1002 2877 1076 2927 quem
1105 2859 1235 2923 mmsigitur

188 2935 448 2984 fluvialeshabitareut.
478 2936 687 2984 Rorarcdicuntur
737 2939 827 3004 aliquid
851 2939 911 2986 inter
935 2935 1006 2995 duos,
1036 2936 1128 2991 Livius,
1151 2934 1176 2982 ii.
1193 2934 1234 2980 63:

189 3010 361 3069 locahumida;
376 3011 438 3058 Met.
449 3011 483 3058 iii,
497 3012 554 3058 177:
569 3011 687 3059 “intrarit
738 3021 753 3040 ‘⁴
768 3014 881 3077 interpres
899 3011 1034 3076 arbiterque
1054 3009 1189 3059 concordie
1204 3007 1235 3055 ci·

190 3085 293 3132 rorantia
309 3083 412 3132 lontibus
429 3086 521 3133 antra.''
559 3086 648 3138 Vicum.
663 3094 689 3132 ut
739 3086 832 3134 vium.¹'
866 3086 1001 3134 Mercurius
1011 3085 1080 3150 pacis
1090 3093 1116 3132 et
1127 3097 1235 3132 armorum

191 3159 251 3206 Met.
260 3158 294 3205 iii.
306 3160 364 3206 159:
376 3162 547 3220 pumcr‘uiuu53
559 3168 615 3206 etv.
625 3159 687 3206 317:
740 3160 827 3208 arbiter
848 3168 943 3225 propter
963 3159 1129 3222 eloquentiam
1147 3166 1172 3205 et
1188 3172 1236 3222 pra·

183 3233 255 3296 fucta
269 3234 297 3279 de
310 3235 359 3279 uico
372 3235 452 3280 sedilia
465 3250 523 3280 roro.
558 3232 634 3286 Leues
648 3247 688 3280 ce·
739 3234 916 3297 dentiumque
930 3233 1034 3281 excellit.
1071 3231 1133 3280 Inde
1152 3230 1237 3293 Pacifer

191 3305 258 3354 lercs.
300 3305 340 3360 Ut,
363 3322 409 3354 noa
436 3315 466 3360 ct,
489 3306 593 3370 postulat
619 3306 691 3353 series
741 3308 764 3356 in
783 3308 885 3355 nummis
901 3316 1008 3355 vocatur.
1043 3306 1110 3354 Vide
1124 3306 1181 3355 Jaui
1195 3305 1236 3352 Ex·

192 3379 313 3427 orationis.
741 3397 834 3430 cursum
852 3379 886 3429 iii.
903 3379 934 3427 ad
952 3380 1089 3435 Horatium,
1107 3379 1158 3428 Od.
1173 3376 1237 3425 libi.

223 3454 361 3502 oea-692.
373 3452 451 3501 Idibus
459 3455 576 3502 Mercurio
584 3455 690 3514 templum
742 3456 780 3503 De
792 3458 844 3517 tyra
856 3456 885 3502 ab
897 3470 925 3503 eo
935 3454 1034 3502 inventa
1044 3470 1119 3519 supra
1127 3468 1176 3501 ver.
1189 3453 1236 3499 104.

191 3531 303 3587 potitium
318 3529 370 3575 binc
379 3528 419 3574 itte
429 3530 476 3575 dics
486 3531 647 3575 mercatoribus
655 3530 691 3574 in·
744 3529 826 3575 Nitida
837 3537 935 3575 vocatur
945 3527 1058 3592 palaestra
1070 3536 1095 3575 et
1107 3528 1197 3574 Metam
1208 3524 1235 3570 ri.

190 3601 363 3664 primisscstus.
388 3601 567 3649 Praemittuntur
579 3601 691 3649 Mercurii
741 3603 806 3660 ath
823 3611 847 3650 et
864 3612 935 3650 uncta
952 3602 1052 3650 Heroid.
1072 3602 1117 3650 XI.
1137 3599 1237 3664 19.quia

194 3673 293 3733 lauder,
310 3685 439 3738 sequuntur
455 3673 559 3738 piamina
571 3682 595 3723 et
610 3690 692 3738 preces
741 3675 860 3723 luctantes
871 3675 923 3722 oleo
934 3676 1095 3736 ungebantur.
1134 3676 1236 3723 Patere

198 3757 363 3796 mercatorum.
743 3747 838 3796 valebat
854 3748 885 3796 ad
898 3749 1003 3814 corporis
1017 3759 1097 3798 motus
1112 3746 1237 3798 formandas

231 3822 300 3868 Clare
322 3838 395 3882 nepos,
417 3822 477 3884 etc]
510 3823 547 3869 De
568 3819 693 3869 virtutibus
743 3822 859 3886 roburque
870 3822 1070 3871 confirmandum.
1084 3825 1162 3872 Letur
1171 3821 1237 3887 poetis

194 3896 245 3959 ejus
262 3893 342 3941 confer
359 3910 419 3941 vers.
439 3895 484 3941 103
497 3903 521 3940 et
538 3894 595 3940 447.
630 3893 692 3942 Vide
743 3896 846 3952 omuino,
858 3897 899 3961 qui
911 3896 1003 3961 aliquid
1014 3897 1088 3946 habet
1101 3908 1143 3946 eut
1152 3904 1235 3945 metat.

195 3968 332 4017 Bentleium
355 3968 384 4015 ad
406 3968 464 4016 dict.
486 3970 530 4017 loc,
553 3968 591 4015 cui
610 3968 693 4034 displi·
746 3969 822 4023 Culte,
836 3969 948 4018 facunde.

196 4042 268 4088 cebet
279 4041 323 4088 hoc
334 4040 386 4088 loco
394 4058 443 4088 unu
450 4041 539 4096 Pleias,
547 4041 602 4106 quia
610 4053 692 4108 sponte
775 4044 831 4090 670.
850 4043 920 4092 Auno
931 4045 962 4093 U.
973 4044 1070 4094 (3.258.
1081 4045 1165 4093 Idibus
1172 4041 1233 4092 Maiis

197 4114 352 4179 intelligatur,
376 4131 421 4163 non
454 4114 546 4164 duabus
578 4117 692 4166 matribus
743 4117 862 4166 Mercurio
880 4119 944 4167 ades
961 4119 1056 4183 posita;
1076 4130 1232 4185 quampopt·

194 4188 300 4255 genitum
322 4206 373 4238 esse
396 4189 555 4251 Mercurium
576 4191 692 4240 suadebat
743 4190 766 4239 lo
784 4192 892 4254 jubente,
914 4192 1035 4241 dedicavit
1061 4194 1098 4242 tt.
1123 4189 1229 4241 [temdus
