2806 5018
171 352 239 416 tao
360 399 363 405 .
422 349 490 414 AD
514 344 689 411 LIVIAM
711 341 977 407 AUGUSTAM

177 523 325 597 Funera
341 544 408 619 pro
426 520 541 593 sacris
560 518 628 592 tibi
647 527 735 590 sunt
752 515 927 589 ducenda
943 513 1174 610 triumphis;

230 636 281 712 Et
298 637 465 710 tumulus
485 636 651 708 Drusum
670 658 737 732 pro
755 632 861 706 Jovis
879 656 964 706 arce
982 641 1129 705 manet.

177 753 365 849 Fingebas
383 752 581 839 reducem3
613 759 881 848 praeceptaque
898 758 1028 822 mente
1046 747 1201 820 fovebas

230 869 401 955 Gaudia;
431 878 471 942 et
489 878 577 941 aute
595 868 723 941 oculos
738 868 818 962 jam
836 864 904 938 tibi
921 864 1044 937 victor
1062 873 1157 936 erat.
1181 865 1226 934 30

176 982 202 1056 J
205 1007 265 1058 am
282 983 429 1071 veniet3
455 985 533 1080 jam
552 1007 612 1055 me
630 992 838 1078 gratantem
857 981 967 1054 turba
983 978 1157 1052 videbit:

227 1099 250 1172 J
254 1124 314 1173 am
333 1099 423 1173 mihi
442 1123 509 1197 pro
530 1099 654 1170 Druso
671 1099 771 1171 dona
787 1098 941 1172 ferenda
959 1119 1060 1169 meo.

179 1214 302 1288 Obvia
319 1215 546 1312 progrediar,
566 1214 733 1309 felixque
751 1237 819 1311 per
835 1213 976 1311 oppida
991 1210 1124 1296 dicar;

229 1330 415 1427 Collaque
433 1341 472 1405 et
490 1332 560 1403 hoc
579 1331 708 1403 oculos
726 1330 826 1402 iilius
843 1353 906 1401 ore
924 1349 1114 1425 premam.

178 1442 279 1519 Talis
294 1446 389 1532 erit;
420 1446 474 1518 sic
492 1455 675 1530 occurret,
694 1445 748 1517 sic
767 1444 897 1517 oscula
909 1444 1071 1540 junget:
1182 1442 1223 1510 35

228 1559 312 1634 Hoc
330 1560 420 1632 mihi
440 1561 623 1648 narrabit;
653 1561 707 1632 sic
726 1560 826 1656 prior
843 1561 926 1656 ipsa
944 1559 1097 1654 loquar.

179 1674 568 1762 Gaudiavanafoves3
597 1699 704 1772 spem
715 1699 826 1772 pone,
839 1673 1063 1758 miserrima,
1075 1671 1219 1746 falsam:

229 1789 369 1862 Desine
387 1789 435 1863 de
456 1789 581 1862 Druso
598 1790 685 1863 laeta
702 1789 837 1863 referre
855 1801 934 1861 tuo.

179 1904 340 1980 Caesaris
360 1906 451 1978 illud
470 1930 578 2003 opus,
600 1905 674 1979 voti
693 1929 779 2002 pars
798 1904 915 1979 altera
930 1905 1061 1990 vestri,

229 2019 399 2095 Occidit:
429 2021 612 2119 indignas
635 2020 749 2106 Livia,
769 2021 870 2093 solve
889 2044 1032 2093 comas.
1179 2021 1222 2088 to

178 2135 279 2220 Quid
297 2137 365 2210 tibi
385 2162 483 2211 nune
503 2161 625 2212 mores
643 2150 813 2236 prosunt,
831 2147 1038 2233 actumque
1058 2135 1194 2235 pudice

229 2251 351 2324 Omne
370 2277 502 2338 aevum,
522 2264 561 2326 et
578 2265 683 2326 tanto
701 2267 778 2327 tam
797 2252 987 2350 placuisse
1004 2252 1114 2326 viro?

178 2366 357 2462 Quidque
377 2368 559 2464 pudicitia
575 2379 721 2441 tantum
741 2369 916 2442 inviolata
933 2368 1136 2452 bonorum,

229 2480 373 2554 Ultima
391 2482 440 2553 sit
457 2483 588 2556 laudes
606 2484 760 2557 interut
779 2484 842 2556 iila
859 2484 971 2556 tuas?

209 2699 251 2746 28.
270 2698 301 2746 Et
316 2701 418 2747 tumidus
433 2700 543 2754 Drusum,
558 2717 599 2760 pro
612 2700 676 2749 Jouis
724 2703 842 2766 parciores
852 2703 935 2753 multo.
947 2701 990 2749 sed
1002 2701 1084 2750 tonan
1096 2701 1224 2766 iniquiores.

176 2773 345 2836 ornamenta]
372 2774 417 2822 Pro
428 2774 556 2838 Capitolio,
569 2776 609 2822 ubi
621 2775 675 2824 Jovi
724 2777 800 2825 Tacit.
816 2769 882 2824 Suet.
897 2775 1093 2824 Dio.Pntercul.
1108 2791 1171 2826 vero.
1187 2775 1223 2821 lib.

177 2847 235 2912 Opt.
246 2847 314 2895 Max.
327 2847 439 2911 templum
456 2856 600 2895 exstructum
617 2859 675 2905 erat,
726 2850 752 2898 ii.
768 2851 819 2898 tao.
831 2865 872 2914 per
885 2848 965 2896 omnia
980 2848 1051 2904 Deis,
1065 2864 1140 2913 quam
1157 2845 1223 2895 homi·

175 2920 238 2984 quod
250 2920 360 2969 victorem
373 2937 522 2969 ascensurum
535 2920 601 2969 Livia
612 2923 675 2970 Dru·
726 2924 804 2976 nibus,
817 2923 950 2971 similiorem
963 2922 1079 2970 seminam
1090 2923 1170 2971 dicere
1185 2937 1224 2969 nou

175 3010 227 3042 sum
245 2996 353 3059 speraba,
368 2999 450 3059 ignora
468 2995 558 3043 scilicet
565 2997 675 3059 soronam
725 2997 827 3045 dubitat.

176 3083 230 3132 que
241 3069 316 3132 ipsum
327 3078 497 3133 oppresserant
758 3073 797 3120 43.
815 3071 921 3132 Quidque
929 3072 1045 3131 pudicitia
1056 3080 1150 3118 tantun
1159 3072 1224 3118 intio

209 3143 250 3189 31.
267 3142 321 3189 Jum
332 3146 414 3197 veniet,
427 3143 487 3205 etc]
506 3144 567 3190 Suus
578 3158 630 3190 eam
643 3143 675 3191 ira
726 3149 774 3193 tota
787 3144 922 3207 bonor-unii]
958 3143 1037 3191 Iocus
1051 3154 1118 3192 certe
1133 3143 1223 3192 mendo

176 3214 237 3262 ludit
251 3232 314 3263 error
325 3232 378 3264 vere
394 3226 521 3271 maternus,
533 3229 556 3263 ct
571 3233 624 3280 qum
639 3217 674 3264 di·
725 3219 837 3273 sissimus,
847 3221 870 3266 in
881 3232 951 3281 quem
963 3226 1046 3264 tamen
1057 3217 1223 3265 restituendum

176 3296 223 3342 eet,
235 3305 336 3354 quaeque
347 3290 434 3338 dicenti
447 3290 530 3338 reseret
540 3290 611 3345 filius,
624 3292 672 3338 aui·
725 3292 836 3345 vicissim,
853 3290 895 3338 sed
914 3291 1009 3344 trustra,
1029 3291 1179 3355 conspirasse
1195 3289 1223 3336 η’·

175 3376 214 3409 mo
220 3362 270 3426 jam
283 3362 412 3428 precipiat.
726 3366 770 3414 deo
781 3365 841 3412 viros
851 3364 1007 3412 doctissimos.
1043 3365 1101 3412 Non
1117 3364 1223 3412 muleH·

207 3436 249 3483 ³9.
269 3435 363 3484 curaris
380 3439 440 3483 iliud
459 3437 534 3499 opus]
555 3438 589 3484 Eo
606 3453 674 3485 seusu
726 3439 812 3493 thoeus.
829 3441 851 3484 in
872 3448 961 3484 tautum
981 3440 1095 3485 intentata
1114 3440 1222 3485 mm.

178 3507 272 3556 Cereris
282 3527 336 3571 opus
344 3509 449 3557 Drusum
461 3510 527 3565 dicit,
536 3511 599 3575 quod
607 3511 674 3558 ilium
726 3513 834 3559 Maxima
854 3511 941 3575 quippe
958 3513 1078 3571 pudicitie
1097 3511 1160 3567 inus,
1175 3525 1222 3575 quae

174 3581 219 3630 sibi
236 3582 389 3631 et'i'iberium
403 3583 496 3631 t‘ratrem
512 3585 536 3630 iu
551 3584 609 3632 filios
622 3586 673 3632 Au·
726 3587 750 3632 in
772 3595 837 3632 tauto
857 3587 963 3631 botrorum
987 3599 1116 3641 concursu,
1137 3584 1162 3631 id
1184 3592 1222 3633 est.

174 3664 257 3720 gustus
273 3656 522 3721 adscripscrat-Vno
534 3676 586 3719 pars
600 3661 673 3706 utrem
723 3675 796 3723 quum
824 3668 858 3706 tot
881 3658 1037 3722 suppeditent
1063 3674 1155 3713 cause,
1175 3672 1221 3722 que

174 3732 251 3778 orani.
284 3730 323 3776 Sic
339 3746 367 3777 cx
384 3730 435 3796 ipso
451 3732 537 3779 Ouidio
557 3732 672 3796 corrigen·
722 3732 811 3796 possint
834 3730 930 3785 violare,
955 3733 1068 3778 inviolato
1095 3739 1221 3796 permanet.

175 3802 241 3858 dnm,
260 3803 300 3867 qui
320 3804 392 3851 Pont.
412 3804 445 3851 iv.
466 3804 534 3868 Eieg.
553 3806 604 3852 xiii.
624 3808 670 3853 47:
721 3805 768 3853 Sed
783 3805 868 3853 letina
882 3804 960 3851 minus
972 3804 1064 3853 locutio
1078 3803 1143 3860 hnc,
1156 3819 1220 3868 quau

175 3883 193 3904 ‘¹
204 3876 242 3925 sic
261 3877 353 3924 valeant
372 3877 447 3941 pueri,
465 3889 540 3925 uotum
557 3896 672 3928 commum
722 3888 747 3925 ut
766 3877 936 3926 admittendam
954 3878 1100 3941 putaverim.
1135 3876 1221 3941 Mieyiii

173 3950 297 3999 duorum.‘'
333 3949 380 3997 Arii
403 3966 498 3998 omnes:
524 3953 601 3999 Veturi
618 3971 672 4015 perr
722 3953 827 4016 vestigiis
840 3952 948 3999 insistens
960 3951 1085 4007 Heinsius,
1097 3950 1221 4018 aiiquando

173 4027 247 4073 attero
260 4029 335 4073 uestri.
722 4026 855 4090 cogitabat:
877 4025 1021 4089 “Quidque
1039 4027 1158 4091 pudicitia
1175 4035 1221 4074 tan·

206 4100 245 4145 tr.
264 4098 604 4162 Quiritioiuuuemor·es‚etc.]
626 4101 669 4147 Ni·
721 4110 770 4148 tum
800 4103 924 4148 moutam
950 4101 1106 4150 bonorum?’'
1148 4102 1179 4150 Ut
1195 4100 1221 4147 sit

173 4171 232 4220 mius
253 4172 291 4219 iric
311 4180 380 4236 poetn
403 4171 426 4220 in
450 4173 521 4220 Liviae
544 4172 666 4221 laudibus:
720 4189 815 4223 sensus:
834 4174 891 4237 quid
909 4173 951 4220 tibi
970 4174 1060 4238 profuit
1080 4186 1173 4223 tuntum
1188 4177 1220 4221 to·
