2806 5018
358 383 414 448 IN
439 383 599 450 OVIDII
623 383 811 450 FASTOS.
1039 387 1106 454 ⁴03

59 555 91 618 0
104 555 131 619 si
147 576 257 624 urnam
270 557 395 640 argenti
408 556 473 620 fors
489 580 562 642 quoe
579 557 654 621 mihi
666 556 991 622 monstret—diues
1004 560 1104 623 amico

58 659 219 729 Hercule3
240 666 276 722 et
298 657 389 722 Pers.
405 660 437 722 ii.
453 661 510 723 ll:
534 660 603 724 Sub
625 668 725 723 rastro
748 668 859 743 crepet
881 661 1005 743 argenti
1027 662 1105 724 mibi

57 761 142 825 seria
156 761 269 825 dextro
281 761 437 824 Hercule!
452 762 507 825 ubi
518 761 695 826 scholiastae
709 762 975 836 animadvertunt,
988 771 1009 799 ‘⁴
1018 763 1104 827 Her-

56 864 163 930 culem
173 864 353 927 divitiarum
365 865 534 947 praesidem
546 864 646 928 esse.'’
670 864 745 944 Quo
755 873 862 927 autem
874 885 971 939 nexo,
983 886 1102 949 quaeso,

58 964 118 1028 boc
132 966 314 1030 divitiarum
334 967 516 1049 praesidium
537 987 609 1029 cunr
630 965 726 1030 beroe
746 965 802 1029 illo
816 965 993 1050 Tirynthia,
1008 968 1104 1031 rebus

56 1069 128 1151 ejua
151 1069 260 1152 gestis,
277 1069 435 1132 laboribus
457 1079 491 1132 et
513 1069 649 1153 mythis?
673 1090 768 1152 quem
792 1077 942 1151 tauquam
959 1068 1047 1132 Picti
1070 1080 1105 1134 et

56 1171 236 1235 divitiarum
252 1171 413 1236 inimicum
429 1173 498 1255 ipsa
511 1172 617 1235 tabula
630 1169 858 1256 repraesentath
867 1170 879 1233 'l
905 1170 996 1234 Inter
1010 1181 1099 1236 vete-

56 1294 110 1337 res
128 1273 195 1356 jam
218 1273 304 1338 Plut.
319 1273 443 1353 Quaest.
462 1273 558 1337 Rom.
575 1273 627 1336 18.
644 1295 683 1336 ea
706 1275 747 1337 de
772 1295 806 1336 re
827 1294 985 1356 quaereus,
1003 1273 1103 1337 multa

58 1383 173 1449 tentat,
188 1396 247 1438 nec
263 1376 321 1439 sibi
337 1376 398 1459 ipsi
412 1375 595 1439 satisfacere
612 1375 758 1451 videtur;
781 1374 865 1439 conf.
882 1373 1045 1440 Wieland.
1062 1377 1103 1440 ad

59 1476 178 1540 Horat.
195 1477 214 1541 l.
230 1500 259 1540 c.
304 1476 393 1556 Quid
407 1478 515 1560 igitur,
531 1476 559 1540 si
573 1499 622 1550 ea,
640 1498 713 1560 quae
729 1478 770 1541 de
788 1476 932 1541 Hercule
947 1477 1030 1540 forte
1045 1479 1103 1541 sub

56 1578 185 1642 nomine
201 1579 240 1642 H
244 1578 414 1653 caarlcel,
431 1579 463 1641 id
482 1589 543 1652 est,
561 1588 728 1654 mercator,
745 1601 763 1641 a
778 1578 987 1643 Phoenicibus
1007 1580 1104 1654 culto,

57 1681 151 1765 cujus
166 1689 200 1743 et
214 1680 298 1743 ideae
313 1691 347 1743 et
358 1701 410 1743 res
426 1691 526 1765 gestae
545 1689 657 1764 postea
677 1679 847 1764 aliquando
868 1681 908 1744 ad
927 1681 1104 1746 Herculem

57 1783 212 1848 Graecum
232 1783 392 1845 bauslatoe
413 1790 497 1854 sunt,
509 1782 576 1865 jam
597 1783 720 1866 pridem
736 1804 756 1845 a
771 1784 961 1866 quibusdam
979 1784 1104 1868 conjec-

56 1894 127 1948 tata
151 1905 222 1947 esse
245 1884 350 1959 video,
374 1884 432 1948 boe
459 1886 556 1948 etiam
583 1886 708 1949 nomina
734 1886 765 1948 in
790 1886 965 1949 subsidium
989 1907 1104 1950 vocare

55 1987 275 2049 tentaremus?
300 1986 392 2050 Bene
414 1986 461 2049 illi
476 1986 625 2050 viderunt
645 1987 724 2069 (vid.
743 1987 916 2071 Eucyclop.
932 1987 1019 2051 univ.
1032 1995 1103 2051 voc.

57 2089 175 2164 Herc.)
189 2090 363 2172 praesertim
379 2088 494 2154 itinera
509 2091 574 2166 illa,
588 2091 702 2173 quibus
718 2099 872 2153 terrarum
888 2090 998 2154 orbem
1014 2112 1105 2173 pera-

56 2191 174 2275 gravit,
198 2192 238 2255 ad
265 2191 431 2256 Oceanum
463 2214 565 2276 usque
595 2192 825 2256 occidentalem
856 2192 1047 2276 penetravit,
1070 2202 1105 2255 et

55 2293 211 2359 Herculis
236 2293 397 2357 columnas
419 2294 573 2369 condidit,
594 2296 634 2358 ad
661 2293 838 2357 Herculem
865 2292 953 2358 illum
972 2294 1105 2378 Tyrium

55 2396 189 2480 proprie
208 2397 379 2481 pertinere,
396 2405 431 2460 et
452 2396 586 2459 indeed
607 2396 760 2460 Herculia
776 2395 884 2460 Graeci
907 2395 1035 2470 famam,
1052 2397 1106 2460 cui

56 2519 177 2583 magna
204 2499 300 2563 etiarn
327 2500 441 2563 itinera
467 2499 738 2574 adscribebantur,
765 2508 877 2582 postea
906 2498 1079 2562 accessisse
1087 2496 1106 2560 ⁵.

58 2601 195 2665 Poterat
220 2601 270 2664 hic
295 2601 456 2665 Hercules
479 2601 594 2685 Tyrius
620 2603 743 2685 priscus
768 2622 878 2664 eorum
905 2600 997 2665 beros
1021 2621 1104 2675 ease,

57 2724 156 2787 quem
176 2704 311 2786 primum
332 2705 401 2768 loca
420 2705 473 2767 illa
493 2706 533 2768 ad
555 2714 765 2768 mercaturam
785 2703 971 2788 gravissima
987 2703 1104 2766 adiisse

56 2808 143 2870 t'arna
155 2806 312 2880 narrabat,
323 2816 358 2870 et
369 2828 465 2890 quem
476 2829 559 2870 nunc
572 2815 722 2891 tanquam
733 2807 914 2870 divitiarum
926 2814 961 2867 et
969 2805 1105 2869 fortuna

57 2916 220 2971 auctorem
244 2917 339 2992 atque
360 2910 529 2992 praesidem
549 2908 707 2981 colebant,
724 2909 820 2991 eique
844 2929 901 2990 pro
922 2905 1010 2970 felici
1034 2927 1104 2969 suc-

56 3030 152 3073 cessu
166 3018 241 3072 vota
254 3009 426 3073 faciebant.
472 3010 547 3074 Hoc
563 3011 655 3074 modo
673 3009 853 3074 Herculem
867 3007 956 3091 Tyri,
969 3006 1103 3071 Cartba-

56 3110 144 3196 gine,
161 3109 307 3176 Gadibus
321 3113 390 3196 pari
404 3113 557 3198 religione
572 3115 693 3177 cultum
713 3133 784 3175 esse
805 3111 960 3194 legimus3
983 3118 1017 3172 et
1038 3131 1104 3171 om-

56 3214 111 3277 nia
127 3214 189 3276 ista
199 3214 327 3299 ⁸templa
347 3216 438 3279 donis
458 3215 704 3300 opulentissimis
720 3212 858 3276 Herculi
872 3232 914 3274 ex
930 3219 1005 3273 voto
1020 3211 1103 3274 datis

56 3315 230 3398 conspicua
243 3315 385 3381 fuerant.
430 3317 483 3380 De
498 3318 611 3400 opibus
628 3315 739 3400 templi
752 3313 841 3399 Tyrii
857 3313 930 3376 vide
948 3312 1022 3375 Dio.
1037 3311 1103 3376 alii.

56 3416 120 3490 49;
144 3425 178 3480 et
192 3418 352 3490 eumdem,
368 3417 448 3481 xliii.
463 3417 517 3482 39.
535 3420 576 3481 de
592 3418 711 3501 templo
726 3415 899 3486 Gaditano,
916 3414 1002 3497 quod
1019 3435 1106 3500 pror·

58 3539 114 3581 sua
128 3518 230 3582 simile
247 3528 316 3583 erat
330 3519 374 3582 illi
389 3520 485 3603 Tyrio
497 3546 505 3595 3
530 3519 656 3584 Herod.
669 3519 703 3581 ii.
717 3518 779 3593 443
802 3517 950 3581 Philostr.
966 3539 996 3580 v.
1011 3517 1045 3580 4.

88 3703 215 3754 tPhedr.
233 3704 266 3754 iv.
286 3708 324 3754 11.
359 3707 429 3757 Coelo
447 3715 557 3772 receptus
607 3705 679 3755 ltalia
697 3706 776 3772 plures
792 3713 925 3760 occurrunt.
941 3705 973 3753 ll.
989 3705 1105 3761 Monoeci,

58 3787 153 3844 propter
177 3778 276 3828 virtutes
303 3781 426 3838 Hercules,
448 3783 558 3830 veniente
608 3781 729 3837 Labronis,
740 3781 765 3828 in
779 3780 866 3845 quibus
880 3780 943 3829 lama
956 3779 1108 3836 accediteoa

59 3853 142 3908 Pluto,
154 3853 195 3917 qui
213 3855 321 3903 Fortunae
339 3865 375 3904 est
391 3855 462 3911 fitius,
475 3856 560 3905 avertit
609 3856 639 3902 ab
665 3854 716 3919 ipso
737 3854 841 3903 Hercule
866 3854 974 3904 conditos
995 3870 1054 3911 aare,
1076 3855 1106 3903 ad

58 3927 150 3984 oculos,
171 3926 271 3976 dicens:
300 3930 377 3977 “Odi
404 3930 481 3985 illum,
503 3928 559 3993 quia
609 3929 737 3978 Pboenices
752 3928 867 3994 pertinere
878 3929 995 3986 videntur,
1006 3929 1047 3992 qui
1057 3945 1107 3977 om·

56 4000 128 4049 malie
149 4001 242 4049 amicus
263 4011 307 4060 eat,
328 4003 446 4067 simulque
466 4003 559 4068 objecto
609 4003 649 4051 uia
659 4004 684 4052 in
695 4005 823 4053 Herculem
834 4013 955 4068 tamquam
967 4019 1050 4052 nomen
1062 4004 1105 4050 ali·

55 4083 147 4123 cuncta
158 4076 285 4140 corrumpit
296 4076 386 4126 lucro.’'
609 4078 672 4141 quod
683 4078 773 4128 illustre
784 4078 948 4127 cumulabant.
968 4078 1029 4126 Vide
1041 4076 1107 4140 Virg.

87 4147 93 4178 ¹
110 4149 163 4213 lpai
182 4159 263 4214 portus
281 4150 399 4210 Herculis,
417 4167 515 4216 quorum
534 4150 558 4199 in
609 4152 655 4200 vol.
667 4150 701 4200 iii.
713 4163 796 4202 nostra
809 4152 869 4200 Coit
881 4168 904 4216 p.
915 4153 972 4200 20³.
983 4159 1036 4198 ncta
1048 4151 1106 4197 831.
