2806 5018
172 357 237 423 462
457 355 496 417 P.
521 352 683 418 OVIDII
708 351 920 418 NASONIS

173 528 300 614 Quum
317 527 457 600 domini
476 549 662 599 memores
680 525 790 598 sertis
808 548 941 598 ornare
958 524 1145 599 solebant

221 642 429 738 Agricolae,
447 641 570 713 fructu
589 639 845 738 proveniente,
866 639 987 714 DeoS.
1186 642 1222 710 10

175 760 287 856 Saepe
305 769 390 831 tuae
408 757 532 852 igitur,
553 755 676 842 Liber,
696 753 853 828 miratus
870 779 912 828 es
930 777 1052 828 uvas:

225 872 364 947 Mirata
381 884 440 947 est
456 873 558 946 oleas
577 896 679 970 saepe
699 870 872 947 Minerva
886 893 991 943 suas.

175 989 371 1085 Pomaque
388 986 576 1060 laesissent
593 995 772 1073 matrem;
802 985 840 1057 ni
858 985 1017 1058 subdita
1034 1008 1144 1058 ramo

226 1103 354 1199 Longa
367 1103 549 1176 laboranti
566 1100 672 1174 furca
688 1102 838 1174 tulisset
855 1122 982 1198 opem.

176 1217 407 1303 Quinetiam
426 1217 601 1314 exemplo
620 1215 790 1314 pariebat
806 1214 946 1288 femina
959 1224 1119 1301 nostr03
1183 1216 1220 1285 15

226 1334 417 1430 Nullaque
436 1357 510 1404 non
529 1331 593 1404 illo
610 1341 779 1428 tempore
798 1340 918 1402 mater
934 1338 1030 1401 erat.

175 1447 228 1522 At
248 1460 450 1547 postquam
474 1447 648 1545 plataniS,
668 1446 836 1520 sterilem
857 1444 1125 1542 praebentibus
1147 1464 1220 1515 um·

228 1561 389 1634 Uberior
406 1562 538 1658 quavis
556 1563 688 1636 arbore
704 1561 810 1634 venit
825 1560 968 1646 honos3
1091 1558 1219 1656 [bran

175 1675 255 1750 Nos
274 1700 427 1774 quoque
444 1677 657 1765 fructiferae,
670 1676 703 1749 si
721 1700 801 1749 nux
818 1675 930 1748 modo
944 1697 1069 1772 ponor
1082 1675 1121 1746 in
1138 1673 1218 1756 illis,

228 1791 422 1890 Coepimus
440 1791 478 1865 in
497 1793 645 1891 patulas
663 1790 852 1865 luxuriare
869 1812 1012 1863 comas.
1177 1793 1221 1860 20

209 2056 671 2120 ooamamrammeee]
724 2056 795 2103 um
809 2053 835 2102 tn
852 2053 936 2103 eaeor.
948 2053 1034 2100 am
1051 2035 1097 2117 ρῐο
1112 2050 1175 2106 aee
1189 2050 1221 2098 n·

176 2131 296 2180 Mentorea
315 2129 406 2179 seilicet
425 2139 482 2180 tuno
498 2131 616 2195 agricole,
635 2128 674 2180 aui
724 2128 821 2194 quiens:
841 2126 976 2176 lacerabant
992 2129 1063 2175 renti
1083 2126 1175 2175 Dm
1194 2125 1223 2173 dr

178 2203 283 2252 Deorum
304 2204 372 2251 arbor
392 2219 541 2268 unaqueque
567 2211 618 2252 erat
637 2218 675 2251 aa·
724 2204 873 2266 capitolina.
896 2202 939 2249 Eat
948 2200 1012 2248 enirn
1023 2202 1076 2249 alea
1084 2200 1222 2255 uboratiu

177 2285 254 2331 crata,
271 2276 352 2324 Deum
367 2277 441 2333 bunc,
451 2276 475 2325 id
493 2285 537 2333 eat,
548 2275 624 2342 ipsam
638 2292 675 2325 er·
725 2278 808 2325 bacca.
835 2274 903 2323 Licet
920 2272 958 2322 bie
976 2274 1001 2323 in
1020 2272 1119 2340 proprio
1135 2287 1223 2338 qaoque

178 2349 267 2405 barem,
274 2349 341 2397 tertis
348 2351 549 2414 ornabtut‚quunr
557 2351 676 2398 fruetuum
725 2350 859 2414 significatu
869 2363 912 2413 pro
922 2348 1005 2396 arbore
1016 2346 1111 2396 drotum
1121 2346 1224 2412 accipere

178 2431 305 2485 proveatur
326 2421 386 2469 rotie
411 2422 579 2486 respondisset.
612 2422 676 2471 Hine
726 2424 850 2488 possimus.
893 2419 941 2469 Sed
962 2418 1048 2468 melior
1066 2427 1149 2468 tamen
1168 2416 1225 2484 prior

178 2494 249 2543 liber
269 2510 322 2542 tuat
348 2510 416 2551 urat,
433 2502 457 2543 el
481 2493 545 2543 oleae
567 2494 677 2544 Minerva
725 2495 858 2544 renuntia:
877 2509 932 2543 narn
949 2507 1022 2557 tupre
1037 2508 1087 2541 nou
1102 2493 1172 2548 vitea,
1186 2489 1224 2539 el

177 2569 331 2615 mirabantur.
727 2569 864 2618 nveadixit.
888 2569 964 2616 Mart.

213 2641 251 2688 lo.
271 2641 398 2705 Agricolae,
412 2639 501 2703 snecta
525 2645 677 2700 praomieate,
760 2646 799 2692 13.
807 2642 929 2705 Matrem]
938 2638 1166 2695 Arboremaeilieet,
1174 2652 1223 2702 qu

180 2715 259 2778 Deae]
271 2715 344 2777 Lege,
356 2715 476 2776 Agricolas
488 2715 553 2770 Deos,
562 2715 677 2779 quicquid
726 2733 797 2783 poma
806 2716 869 2772 tulit,
881 2731 982 2780 quorum
996 2713 1104 2778 pondere
1117 2726 1224 2777 oppmtu

179 2788 232 2837 libri
252 2796 343 2835 veteres
363 2786 513 2835 dissentiunt.
545 2789 606 2836 Met.
626 2788 676 2837 viii.
727 2791 817 2846 fuisset,
833 2789 866 2846 ni,
883 2798 930 2837 eto.
966 2788 1005 2836 Ita
1029 2787 1094 2835 Plio.
1111 2786 1170 2835 libro
1188 2783 1224 2832 xii.

177 2863 244 2911 226:
262 2860 391 2924 “Coeptus
408 2861 438 2907 ab
456 2861 566 2924 agricolis
581 2878 677 2925 superor
728 2864 798 2910 Romi
823 2865 849 2910 in
875 2863 985 2910 cacabum
1011 2863 1121 2914 emicant,
1143 2859 1224 2920 tylam

178 2934 285 3001 pervenit
309 2933 339 2981 ad
362 2949 444 2981 ornnes
464 2934 610 2983 Ambitiosus
634 2934 676 2982 ho·
727 2935 1044 2991 multitudine,oartomotrt'a
1053 2949 1156 2994 corpore.

178 3009 245 3057 nor.”
265 3009 347 3056 Portet
359 3015 382 3055 el
391 3009 521 3071 Agricolam
530 3009 604 3055 Deum
615 3009 676 3071 legi5
762 3012 800 3058 14.
817 3010 897 3075 Longa
915 3010 1030 3057 laboranti
1049 3006 1135 3069 rama]
1156 3004 1224 3052 Fata

178 3098 351 3148 quemcumque
371 3082 449 3129 Deum
469 3081 605 3145 agricolam.
638 3082 677 3130 Sic
727 3085 857 3149 centi,prre
871 3082 1165 3130 multitudinelructuurn.
1190 3078 1224 3127 Sic

177 3156 295 3212 Tibullus,
314 3156 372 3203 libro
391 3156 413 3202 1.
430 3155 499 3219 Eleg.
515 3156 531 3202 i.
548 3158 592 3204 19:
618 3164 634 3184 ‘¹
645 3159 678 3204 Et
727 3156 784 3204 alibi
795 3159 889 3211 Noster,
902 3155 1002 3203 Remed.
1014 3155 1074 3201 Aru.
1087 3155 1147 3202 175:
1159 3159 1175 3180 “
1184 3151 1225 3201 Aa·

177 3229 344 3295 quodcumque
355 3228 412 3276 mihi
424 3245 519 3293 pomum
530 3246 604 3278 novus
619 3230 676 3278 edu·
727 3230 780 3293 pice
799 3245 920 3295 pomorum
937 3237 1049 3277 curvatos
1067 3227 1172 3293 pondere
1192 3241 1224 3274 rt·

177 3311 216 3351 cet
234 3317 318 3358 annus,
335 3303 445 3349 Libatum
462 3305 567 3367 agricola
585 3304 678 3367 ponitur
727 3318 786 3358 mos,
802 3302 835 3350 Ut
851 3318 901 3357 aua,
913 3301 977 3366 quod
995 3302 1099 3367 peperit,
1112 3301 1152 3348 vix
1171 3299 1224 3347 feret

178 3384 233 3423 aute
257 3375 328 3423 Deo.”
368 3375 415 3423 Ubi
437 3375 495 3422 nihil
520 3376 675 3424 mutandum:
728 3374 893 3424 erboronus.'’

177 3464 321 3512 quamquam
336 3450 454 3512 Agricolas
475 3458 528 3495 ante
545 3450 602 3496 Deos
619 3466 676 3497 non·
761 3451 799 3497 16.
812 3449 929 3511 Nullaque
939 3466 984 3495 nou
993 3449 1035 3494 illo
1047 3458 1149 3509 tempore
1158 3456 1222 3493 nater

177 3520 237 3568 nulli
247 3521 343 3584 legunt:
362 3530 403 3569 aut
413 3522 432 3569 ai
445 3520 502 3585 quid
514 3531 624 3578 mutetur,
635 3539 676 3587 pro
725 3522 798 3584 erat]
819 3522 846 3568 In
865 3537 941 3569 rnores
954 3519 1033 3568 aetatis
1049 3537 1109 3577 sue,
1121 3520 1178 3568 data
1187 3535 1221 3566 oe

178 3597 282 3648 libatam,
305 3594 381 3642 libens
404 3611 524 3659 reportem,
552 3597 677 3646 libandum.
726 3595 829 3649 cesione,
850 3593 967 3658 erumpit;
985 3600 1010 3641 el
1024 3594 1129 3642 seminas
1145 3591 1222 3654 tangit,

180 3668 338 3714 Proveniante.
385 3668 544 3716 Beranranuus
573 3669 678 3733 explicat
726 3666 1222 3732 quaenonruodononsertr'lr'tatirbonore·

175 3743 270 3801 precari
279 3739 382 3802 j'racta:
400 3740 441 3789 aed
459 3742 512 3804 quis
528 3742 562 3791 ita
573 3754 676 3792 veterum
726 3742 879 3805 expetebant,
902 3739 944 3788 sed
963 3749 987 3787 et
1008 3749 1140 3805 conceptos
1158 3740 1221 3786 totns

178 3813 298 3877 loquiturl
314 3817 439 3874 provenire,
456 3825 577 3875 proveatur
590 3816 677 3865 millies
727 3814 836 3862 nefandis
857 3814 946 3862 artibus
965 3813 990 3861 in
1009 3813 1062 3879 ipso
1082 3822 1221 3879 serpentem

176 3887 208 3934 de
227 3886 347 3934 fertilitate
359 3895 407 3936 tam
418 3888 537 3937 hominurn
550 3900 574 3938 et
585 3892 676 3938 anima·
728 3890 852 3937 necabant.

178 3961 244 4016 lium,
259 3976 331 4025 quarn
343 3977 452 4025 agrorum
464 3963 526 4025 apud
538 3973 627 4013 veteres
637 3981 676 4013 oc·
763 3965 799 4010 19.
818 3963 864 4010 Nar
875 3976 960 4025 quoque
967 3960 1130 4026 saiutifera]
1144 3961 1220 4023 Frugi·

176 4034 256 4083 currit.
275 4037 362 4083 Burin.
399 4036 677 4086 Praoanienteestvetue
719 4037 781 4100 fere
799 4035 879 4100 scripti
901 4035 1026 4100 pleriqne;
1052 4051 1097 4084 uec
1117 4048 1219 4100 respueu·

177 4110 257 4158 lectio.
727 4109 792 4157 dum.
819 4107 986 4157 Juriaeoneulti
1005 4117 1071 4157 certe
1088 4117 1138 4156 tam
1146 4106 1222 4172 sugi-

212 4186 249 4232 12.
262 4183 351 4246 Olera]
363 4184 409 4231 Pro
420 4181 488 4230 olivis
500 4182 567 4233 dixit.
588 4185 676 4234 Contra
718 4183 787 4244 strar
796 4184 899 4239 arborea,
909 4197 981 4246 quarn
987 4182 1136 4248 fructiferat
1148 4194 1224 4245 agnot-
