<?xml version="1.0" encoding="UTF-8"?>
<!DOCTYPE html PUBLIC "-//W3C//DTD XHTML 1.0 Transitional//EN"
    "http://www.w3.org/TR/xhtml1/DTD/xhtml1-transitional.dtd">
<html xmlns="http://www.w3.org/1999/xhtml" xml:lang="en" lang="en">
 <head>
  <title>
</title>
<meta http-equiv="Content-Type" content="text/html;charset=utf-8" />
  <meta name='ocr-system' content='tesseract 3.04.00' />
  <meta name='ocr-capabilities' content='ocr_page ocr_carea ocr_par ocr_line ocrx_word'/>
</head>
<body>
  <div class='ocr_page' id='page_1' title='image "./povidiinasoniso03burmgoog_0037.png"; bbox 0 0 2806 5018; ppageno 0'>
   <div class='ocr_carea' id='block_1_1' title="bbox 173 360 929 428">
    <p class='ocr_par' dir='ltr' id='par_1_1' title="bbox 173 360 929 428">
     <span class='ocr_line' id='line_1_1' title="bbox 173 360 929 428; baseline 0.003 -2"><span class='ocrx_word' id='word_1_1' title='bbox 173 361 218 426; x_wconf 74' lang='lat'><strong>24</strong></span> <span class='ocrx_word' id='word_1_2' title='bbox 468 361 693 427; x_wconf 87' lang='lat' dir='ltr'><strong>P.·OVID11</strong></span> <span class='ocrx_word' id='word_1_3' title='bbox 716 360 929 428; x_wconf 81' lang='lat' dir='ltr'><strong>NASONIS</strong></span> 
     </span>
    </p>
   </div>
   <div class='ocr_carea' id='block_1_2' title="bbox 175 534 1224 2140">
    <p class='ocr_par' dir='ltr' id='par_1_2' title="bbox 175 534 1161 751">
     <span class='ocr_line' id='line_1_2' title="bbox 175 534 1161 633; baseline 0.001 -25"><span class='ocrx_word' id='word_1_4' title='bbox 175 534 322 610; x_wconf 82' lang='lat' dir='ltr'>Felices</span> <span class='ocrx_word' id='word_1_5' title='bbox 338 535 496 622; x_wconf 85' lang='lat' dir='ltr'><strong>animos,</strong></span> <span class='ocrx_word' id='word_1_6' title='bbox 515 535 654 633; x_wconf 87' lang='lat' dir='ltr'><strong>quibus</strong></span> <span class='ocrx_word' id='word_1_7' title='bbox 671 535 753 608; x_wconf 87' lang='lat' dir='ltr'><strong>haec</strong></span> <span class='ocrx_word' id='word_1_8' title='bbox 771 557 998 630; x_wconf 76' lang='lat' dir='ltr'><strong>cognoscere</strong></span> <span class='ocrx_word' id='word_1_9' title='bbox 1017 535 1161 633; x_wconf 90' lang='lat' dir='ltr'><strong>primis,</strong></span> 
     </span>
     <span class='ocr_line' id='line_1_3' title="bbox 225 649 1086 751; baseline -0.002 -27"><span class='ocrx_word' id='word_1_10' title='bbox 225 650 347 750; x_wconf 88' lang='lat' dir='ltr'>Inque</span> <span class='ocrx_word' id='word_1_11' title='bbox 361 651 494 726; x_wconf 90' lang='lat' dir='ltr'><strong>domos</strong></span> <span class='ocrx_word' id='word_1_12' title='bbox 512 675 669 751; x_wconf 85' lang='lat' dir='ltr'><strong>superas</strong></span> <span class='ocrx_word' id='word_1_13' title='bbox 686 651 868 725; x_wconf 81' lang='lat' dir='ltr'><strong>scandere</strong></span> <span class='ocrx_word' id='word_1_14' title='bbox 885 651 979 724; x_wconf 83' lang='lat' dir='ltr'><strong>cura</strong></span> <span class='ocrx_word' id='word_1_15' title='bbox 993 649 1086 724; x_wconf 81' lang='lat' dir='ltr'><strong>snit!</strong></span> 
     </span>
    </p>

    <p class='ocr_par' dir='ltr' id='par_1_3' title="bbox 177 766 1222 980">
     <span class='ocr_line' id='line_1_4' title="bbox 177 766 1082 866; baseline 0 -25"><span class='ocrx_word' id='word_1_16' title='bbox 177 767 369 842; x_wconf 82' lang='lat' dir='ltr'><strong>Credibile</strong></span> <span class='ocrx_word' id='word_1_17' title='bbox 384 779 445 842; x_wconf 87' lang='lat' dir='ltr'><strong>est</strong></span> <span class='ocrx_word' id='word_1_18' title='bbox 460 767 544 841; x_wconf 92' lang='lat' dir='ltr'><strong>illos</strong></span> <span class='ocrx_word' id='word_1_19' title='bbox 558 766 698 866; x_wconf 85' lang='lat' dir='ltr'><strong>pariter</strong></span> <span class='ocrx_word' id='word_1_20' title='bbox 713 766 893 866; x_wconf 87' lang='lat' dir='ltr'><strong>vitiisque</strong></span> <span class='ocrx_word' id='word_1_21' title='bbox 909 766 1082 863; x_wconf 87' lang='lat' dir='ltr'><strong>locisque</strong></span> 
     </span>
     <span class='ocr_line' id='line_1_5' title="bbox 224 881 1222 980; baseline -0.001 -25"><span class='ocrx_word' id='word_1_22' title='bbox 224 882 351 957; x_wconf 89' lang='lat' dir='ltr'><strong>Altius</strong></span> <span class='ocrx_word' id='word_1_23' title='bbox 365 882 537 956; x_wconf 91' lang='lat' dir='ltr'><strong>humanis</strong></span> <span class='ocrx_word' id='word_1_24' title='bbox 554 881 766 956; x_wconf 82' lang='lat' dir='ltr'><strong>exseruisse</strong></span> <span class='ocrx_word' id='word_1_25' title='bbox 784 891 915 980; x_wconf 60' lang='lat' dir='ltr'><strong>caput,</strong></span> <span class='ocrx_word' id='word_1_26' title='bbox 1149 885 1222 955; x_wconf 85' lang='lat'><strong>300</strong></span> 
     </span>
    </p>

    <p class='ocr_par' dir='ltr' id='par_1_4' title="bbox 176 995 1105 1201">
     <span class='ocr_line' id='line_1_6' title="bbox 176 995 1105 1095; baseline -0.003 -22"><span class='ocrx_word' id='word_1_27' title='bbox 176 997 264 1073; x_wconf 87' lang='lat' dir='ltr'><strong>Non</strong></span> <span class='ocrx_word' id='word_1_28' title='bbox 280 997 411 1074; x_wconf 89' lang='lat' dir='ltr'><strong>Venus</strong></span> <span class='ocrx_word' id='word_1_29' title='bbox 425 1007 465 1071; x_wconf 93' lang='lat' dir='ltr'><strong>et</strong></span> <span class='ocrx_word' id='word_1_30' title='bbox 480 996 607 1070; x_wconf 84' lang='lat' dir='ltr'><strong>vinum</strong></span> <span class='ocrx_word' id='word_1_31' title='bbox 625 995 800 1071; x_wconf 90' lang='lat' dir='ltr'><strong>sublimia</strong></span> <span class='ocrx_word' id='word_1_32' title='bbox 811 1006 969 1095; x_wconf 87' lang='lat' dir='ltr'><strong>pectora</strong></span> <span class='ocrx_word' id='word_1_33' title='bbox 979 995 1105 1094; x_wconf 81' lang='lat' dir='ltr'><strong>fregit,</strong></span> 
     </span>
     <span class='ocr_line' id='line_1_7' title="bbox 228 1111 901 1201; baseline 0.001 -15"><span class='ocrx_word' id='word_1_34' title='bbox 228 1113 450 1188; x_wconf 82' lang='lat' dir='ltr'><strong>Officiumve</strong></span> <span class='ocrx_word' id='word_1_35' title='bbox 467 1112 549 1201; x_wconf 91' lang='lat' dir='ltr'><strong>sori,</strong></span> <span class='ocrx_word' id='word_1_36' title='bbox 568 1111 758 1186; x_wconf 85' lang='lat' dir='ltr'><strong>militiaeve</strong></span> <span class='ocrx_word' id='word_1_37' title='bbox 774 1112 901 1187; x_wconf 87' lang='lat' dir='ltr'><strong>labor:</strong></span> 
     </span>
    </p>

    <p class='ocr_par' dir='ltr' id='par_1_5' title="bbox 177 1225 1055 1442">
     <span class='ocr_line' id='line_1_8' title="bbox 177 1225 1055 1324; baseline -0.002 -21"><span class='ocrx_word' id='word_1_38' title='bbox 177 1228 261 1303; x_wconf 91' lang='lat' dir='ltr'><strong>Nec</strong></span> <span class='ocrx_word' id='word_1_39' title='bbox 279 1228 371 1303; x_wconf 88' lang='lat' dir='ltr'><strong>levis</strong></span> <span class='ocrx_word' id='word_1_40' title='bbox 388 1228 555 1314; x_wconf 85' lang='lat' dir='ltr'><strong>ambitio,</strong></span> <span class='ocrx_word' id='word_1_41' title='bbox 573 1225 801 1324; x_wconf 85' lang='lat' dir='ltr'><strong>perfusaque</strong></span> <span class='ocrx_word' id='word_1_42' title='bbox 819 1227 938 1324; x_wconf 82' lang='lat' dir='ltr'><strong>gloria</strong></span> <span class='ocrx_word' id='word_1_43' title='bbox 953 1227 1055 1315; x_wconf 79' lang='lat' dir='ltr'><strong>fuco,</strong></span> 
     </span>
     <span class='ocr_line' id='line_1_9' title="bbox 228 1341 1012 1442; baseline 0 -25"><span class='ocrx_word' id='word_1_44' title='bbox 228 1343 500 1442; x_wconf 84' lang='lat' dir='ltr'><strong>Magnarumve</strong></span> <span class='ocrx_word' id='word_1_45' title='bbox 518 1342 637 1415; x_wconf 86' lang='lat' dir='ltr'><strong>fames</strong></span> <span class='ocrx_word' id='word_1_46' title='bbox 655 1341 870 1415; x_wconf 83' lang='lat' dir='ltr'><strong>sollicitavit</strong></span> <span class='ocrx_word' id='word_1_47' title='bbox 884 1367 1012 1442; x_wconf 88' lang='lat' dir='ltr'><strong>opum.</strong></span> 
     </span>
    </p>

    <p class='ocr_par' dir='ltr' id='par_1_6' title="bbox 176 1456 1223 1673">
     <span class='ocr_line' id='line_1_10' title="bbox 176 1456 1223 1546; baseline 0 -13"><span class='ocrx_word' id='word_1_48' title='bbox 176 1460 388 1535; x_wconf 85' lang='lat' dir='ltr'><strong>Admovere</strong></span> <span class='ocrx_word' id='word_1_49' title='bbox 404 1458 522 1532; x_wconf 88' lang='lat' dir='ltr'><strong>oculis</strong></span> <span class='ocrx_word' id='word_1_50' title='bbox 539 1457 718 1532; x_wconf 84' lang='lat' dir='ltr'><strong>distantia</strong></span> <span class='ocrx_word' id='word_1_51' title='bbox 735 1456 860 1532; x_wconf 84' lang='lat' dir='ltr'><strong>sidera</strong></span> <span class='ocrx_word' id='word_1_52' title='bbox 874 1459 998 1546; x_wconf 87' lang='lat' dir='ltr'><strong>terris,</strong></span> <span class='ocrx_word' id='word_1_53' title='bbox 1150 1462 1223 1534; x_wconf 80' lang='lat'><strong>305</strong></span> 
     </span>
     <span class='ocr_line' id='line_1_11' title="bbox 228 1574 977 1673; baseline -0.001 -24"><span class='ocrx_word' id='word_1_54' title='bbox 228 1575 459 1673; x_wconf 87' lang='lat' dir='ltr'><strong>AEtheraque</strong></span> <span class='ocrx_word' id='word_1_55' title='bbox 476 1574 626 1670; x_wconf 86' lang='lat' dir='ltr'><strong>ingenio</strong></span> <span class='ocrx_word' id='word_1_56' title='bbox 643 1598 877 1672; x_wconf 88' lang='lat' dir='ltr'><strong>supposuere</strong></span> <span class='ocrx_word' id='word_1_57' title='bbox 895 1599 977 1648; x_wconf 90' lang='lat' dir='ltr'><strong>suo.</strong></span> 
     </span>
    </p>

    <p class='ocr_par' dir='ltr' id='par_1_7' title="bbox 180 1688 1209 1906">
     <span class='ocr_line' id='line_1_12' title="bbox 180 1688 1209 1789; baseline -0.004 -25"><span class='ocrx_word' id='word_1_58' title='bbox 180 1690 246 1765; x_wconf 89' lang='lat' dir='ltr'><strong>Sic</strong></span> <span class='ocrx_word' id='word_1_59' title='bbox 263 1691 403 1789; x_wconf 90' lang='lat' dir='ltr'><strong>petitur</strong></span> <span class='ocrx_word' id='word_1_60' title='bbox 420 1689 578 1764; x_wconf 87' lang='lat' dir='ltr'><strong>coelum:</strong></span> <span class='ocrx_word' id='word_1_61' title='bbox 599 1713 686 1774; x_wconf 91' lang='lat' dir='ltr'><strong>non,</strong></span> <span class='ocrx_word' id='word_1_62' title='bbox 701 1699 743 1762; x_wconf 90' lang='lat' dir='ltr'><strong>nt</strong></span> <span class='ocrx_word' id='word_1_63' title='bbox 759 1688 854 1763; x_wconf 86' lang='lat' dir='ltr'><strong>ferat</strong></span> <span class='ocrx_word' id='word_1_64' title='bbox 869 1689 996 1764; x_wconf 83' lang='lat' dir='ltr'><strong>Ossan</strong></span> <span class='ocrx_word' id='word_1_65' title='bbox 1007 1688 1209 1786; x_wconf 86' lang='lat' dir='ltr'><strong>Olympus,</strong></span> 
     </span>
     <span class='ocr_line' id='line_1_13' title="bbox 231 1805 1073 1906; baseline -0.004 -25"><span class='ocrx_word' id='word_1_66' title='bbox 231 1807 463 1906; x_wconf 90' lang='lat' dir='ltr'><strong>Summaque</strong></span> <span class='ocrx_word' id='word_1_67' title='bbox 477 1806 652 1881; x_wconf 89' lang='lat' dir='ltr'><strong>Peliacus</strong></span> <span class='ocrx_word' id='word_1_68' title='bbox 670 1805 795 1880; x_wconf 86' lang='lat' dir='ltr'><strong>sidera</strong></span> <span class='ocrx_word' id='word_1_69' title='bbox 810 1815 942 1902; x_wconf 87' lang='lat' dir='ltr'><strong>tangat</strong></span> <span class='ocrx_word' id='word_1_70' title='bbox 959 1827 1073 1903; x_wconf 83' lang='lat' dir='ltr'><strong>apex.</strong></span> 
     </span>
    </p>

    <p class='ocr_par' dir='ltr' id='par_1_8' title="bbox 181 1921 1224 2140">
     <span class='ocr_line' id='line_1_14' title="bbox 181 1921 1193 2022; baseline -0.002 -26"><span class='ocrx_word' id='word_1_71' title='bbox 181 1923 217 1996; x_wconf 96' lang='lat' dir='ltr'><strong>N</strong></span> <span class='ocrx_word' id='word_1_72' title='bbox 220 1948 262 1998; x_wconf 87' lang='lat' dir='ltr'><strong>os</strong></span> <span class='ocrx_word' id='word_1_73' title='bbox 280 1948 432 2022; x_wconf 92' lang='lat' dir='ltr'><strong>quoque</strong></span> <span class='ocrx_word' id='word_1_74' title='bbox 448 1925 518 1997; x_wconf 87' lang='lat' dir='ltr'><strong>sub</strong></span> <span class='ocrx_word' id='word_1_75' title='bbox 535 1923 696 1997; x_wconf 88' lang='lat' dir='ltr'><strong>ducibus</strong></span> <span class='ocrx_word' id='word_1_76' title='bbox 709 1922 846 1995; x_wconf 88' lang='lat' dir='ltr'><strong>coelum</strong></span> <span class='ocrx_word' id='word_1_77' title='bbox 863 1921 1090 1996; x_wconf 88' lang='lat' dir='ltr'><strong>metabimur</strong></span> <span class='ocrx_word' id='word_1_78' title='bbox 1107 1921 1193 2007; x_wconf 90' lang='lat' dir='ltr'><strong>illis,</strong></span> 
     </span>
     <span class='ocr_line' id='line_1_15' title="bbox 231 2037 1224 2140; baseline -0.005 -27"><span class='ocrx_word' id='word_1_79' title='bbox 231 2039 498 2140; x_wconf 89' lang='lat' dir='ltr'><strong>Ponemusque</strong></span> <span class='ocrx_word' id='word_1_80' title='bbox 515 2064 603 2113; x_wconf 89' lang='lat' dir='ltr'><strong>suos</strong></span> <span class='ocrx_word' id='word_1_81' title='bbox 621 2038 670 2113; x_wconf 87' lang='lat' dir='ltr'><strong>ad</strong></span> <span class='ocrx_word' id='word_1_82' title='bbox 687 2047 788 2111; x_wconf 89' lang='lat' dir='ltr'><strong>stata</strong></span> <span class='ocrx_word' id='word_1_83' title='bbox 804 2037 913 2134; x_wconf 86' lang='lat' dir='ltr'><strong>signa</strong></span> <span class='ocrx_word' id='word_1_84' title='bbox 928 2037 1023 2112; x_wconf 88' lang='lat' dir='ltr'><strong>dies.</strong></span> <span class='ocrx_word' id='word_1_85' title='bbox 1151 2041 1224 2109; x_wconf 89' lang='grc'><strong>310</strong></span> 
     </span>
    </p>
   </div>
   <div class='ocr_carea' id='block_1_3' title="bbox 168 2274 1229 4248">
    <p class='ocr_par' dir='ltr' id='par_1_9' title="bbox 168 2274 1229 4248">
     <span class='ocr_line' id='line_1_16' title="bbox 176 2274 1224 2345; baseline -0.005 -15"><span class='ocrx_word' id='word_1_86' title='bbox 176 2296 227 2345; x_wconf 83' lang='lat' dir='ltr'><strong>que</strong></span> <span class='ocrx_word' id='word_1_87' title='bbox 250 2280 303 2330; x_wconf 77' lang='lat' dir='ltr'><strong>scil.</strong></span> <span class='ocrx_word' id='word_1_88' title='bbox 328 2279 495 2345; x_wconf 84' lang='lat' dir='ltr'><strong>vespertinum,</strong></span> <span class='ocrx_word' id='word_1_89' title='bbox 516 2294 589 2343; x_wconf 87' lang='lat' dir='ltr'><strong>quum</strong></span> <span class='ocrx_word' id='word_1_90' title='bbox 614 2278 678 2328; x_wconf 85' lang='lat' dir='ltr'><strong>idem</strong></span> <span class='ocrx_word' id='word_1_91' title='bbox 728 2293 784 2328; x_wconf 84' lang='lat' dir='ltr'><strong>essu</strong></span> <span class='ocrx_word' id='word_1_92' title='bbox 804 2293 856 2327; x_wconf 85' lang='lat' dir='ltr'><strong>esse</strong></span> <span class='ocrx_word' id='word_1_93' title='bbox 876 2277 1028 2342; x_wconf 70' lang='lat' dir='ltr'><strong>cupiendum,</strong></span> <span class='ocrx_word' id='word_1_94' title='bbox 1046 2284 1074 2325; x_wconf 88' lang='lat' dir='ltr'><strong>ut</strong></span> <span class='ocrx_word' id='word_1_95' title='bbox 1093 2274 1147 2326; x_wconf 84' lang='lat' dir='ltr'><strong>istis</strong></span> <span class='ocrx_word' id='word_1_96' title='bbox 1165 2284 1224 2325; x_wconf 79' lang='lat' dir='ltr'><strong>tenr-</strong></span> 
     </span>
     <span class='ocr_line' id='line_1_17' title="bbox 178 2349 1225 2417; baseline -0.001 -16"><span class='ocrx_word' id='word_1_97' title='bbox 178 2353 207 2401; x_wconf 72' lang='lat' dir='ltr'><strong>dt</strong></span> <span class='ocrx_word' id='word_1_98' title='bbox 226 2352 290 2402; x_wconf 84' lang='lat' dir='ltr'><strong>circs</strong></span> <span class='ocrx_word' id='word_1_99' title='bbox 314 2353 370 2400; x_wconf 85' lang='lat' dir='ltr'><strong>solis</strong></span> <span class='ocrx_word' id='word_1_100' title='bbox 389 2367 510 2401; x_wconf 72' lang='lat' dir='ltr'><strong>asomum.</strong></span> <span class='ocrx_word' id='word_1_101' title='bbox 543 2352 601 2400; x_wconf 85' lang='lat' dir='ltr'><strong>Mox</strong></span> <span class='ocrx_word' id='word_1_102' title='bbox 623 2352 677 2417; x_wconf 92' lang='lat' dir='ltr'><strong>plu·</strong></span> <span class='ocrx_word' id='word_1_103' title='bbox 728 2367 800 2416; x_wconf 81' lang='lat' dir='ltr'><strong>quam</strong></span> <span class='ocrx_word' id='word_1_104' title='bbox 814 2351 974 2400; x_wconf 82' lang='lat' dir='ltr'><strong>instrumentis</strong></span> <span class='ocrx_word' id='word_1_105' title='bbox 992 2349 1136 2400; x_wconf 82' lang='lat' dir='ltr'><strong>adduxerint</strong></span> <span class='ocrx_word' id='word_1_106' title='bbox 1149 2349 1225 2400; x_wconf 78' lang='lat' dir='ltr'><strong>siden</strong></span> 
     </span>
     <span class='ocr_line' id='line_1_18' title="bbox 180 2424 1225 2490; baseline -0.003 -15"><span class='ocrx_word' id='word_1_107' title='bbox 180 2425 244 2482; x_wconf 85' lang='lat' dir='ltr'><strong>rimi,</strong></span> <span class='ocrx_word' id='word_1_108' title='bbox 260 2425 352 2476; x_wconf 81' lang='lat' dir='ltr'><strong>Felices</strong></span> <span class='ocrx_word' id='word_1_109' title='bbox 367 2425 461 2475; x_wconf 75' lang='lat' dir='ltr'><strong>amma.</strong></span> <span class='ocrx_word' id='word_1_110' title='bbox 497 2424 544 2474; x_wconf 87' lang='lat' dir='ltr'><strong>Sed</strong></span> <span class='ocrx_word' id='word_1_111' title='bbox 565 2441 628 2474; x_wconf 85' lang='lat' dir='ltr'><strong>nune</strong></span> <span class='ocrx_word' id='word_1_112' title='bbox 647 2426 677 2475; x_wconf 90' lang='lat' dir='ltr'><strong>de</strong></span> <span class='ocrx_word' id='word_1_113' title='bbox 727 2425 963 2490; x_wconf 78' lang='lat' dir='ltr'><strong>distantiazidquod</strong></span> <span class='ocrx_word' id='word_1_114' title='bbox 971 2424 1156 2490; x_wconf 80' lang='lat' dir='ltr'><strong>parumplsoet.</strong></span> <span class='ocrx_word' id='word_1_115' title='bbox 1177 2425 1225 2472; x_wconf 81' lang='lat' dir='ltr'><strong>lus·</strong></span> 
     </span>
     <span class='ocr_line' id='line_1_19' title="bbox 178 2496 1226 2566; baseline -0.002 -18"><span class='ocrx_word' id='word_1_116' title='bbox 178 2498 340 2564; x_wconf 70' lang='lat' dir='ltr'><strong>wgnoscmdi</strong></span> <span class='ocrx_word' id='word_1_117' title='bbox 353 2497 432 2547; x_wconf 84' lang='lat' dir='ltr'><strong>studio</strong></span> <span class='ocrx_word' id='word_1_118' title='bbox 442 2513 518 2548; x_wconf 71' lang='lat' dir='ltr'><strong>mmo</strong></span> <span class='ocrx_word' id='word_1_119' title='bbox 528 2507 580 2560; x_wconf 79' lang='lat' dir='ltr'><strong>est3</strong></span> <span class='ocrx_word' id='word_1_120' title='bbox 596 2499 678 2566; x_wconf 77' lang='lat' dir='ltr'><strong>itaque</strong></span> <span class='ocrx_word' id='word_1_121' title='bbox 727 2514 767 2547; x_wconf 89' lang='lat' dir='ltr'><strong>ruo</strong></span> <span class='ocrx_word' id='word_1_122' title='bbox 777 2499 857 2548; x_wconf 84' lang='lat' dir='ltr'><strong>sidera</strong></span> <span class='ocrx_word' id='word_1_123' title='bbox 867 2497 936 2564; x_wconf 83' lang='lat' dir='ltr'><strong>qussi</strong></span> <span class='ocrx_word' id='word_1_124' title='bbox 950 2499 980 2548; x_wconf 89' lang='lat' dir='ltr'><strong>de</strong></span> <span class='ocrx_word' id='word_1_125' title='bbox 993 2498 1057 2547; x_wconf 82' lang='lat' dir='ltr'><strong>curlo</strong></span> <span class='ocrx_word' id='word_1_126' title='bbox 1068 2497 1173 2546; x_wconf 81' lang='lat' dir='ltr'><strong>deductu</strong></span> <span class='ocrx_word' id='word_1_127' title='bbox 1185 2496 1226 2546; x_wconf 80' lang='lat' dir='ltr'><strong>sd·</strong></span> 
     </span>
     <span class='ocr_line' id='line_1_20' title="bbox 182 2571 1225 2639; baseline -0.003 -16"><span class='ocrx_word' id='word_1_128' title='bbox 182 2573 270 2623; x_wconf 87' lang='lat' dir='ltr'><strong>rectius</strong></span> <span class='ocrx_word' id='word_1_129' title='bbox 287 2580 344 2639; x_wconf 89' lang='lat' dir='ltr'><strong>puto</strong></span> <span class='ocrx_word' id='word_1_130' title='bbox 364 2575 460 2622; x_wconf 81' lang='lat' dir='ltr'><strong>animos.</strong></span> <span class='ocrx_word' id='word_1_131' title='bbox 491 2573 579 2622; x_wconf 75' lang='lat' dir='ltr'><strong>Beatos</strong></span> <span class='ocrx_word' id='word_1_132' title='bbox 598 2583 678 2623; x_wconf 85' lang='lat' dir='ltr'><strong>auteur</strong></span> <span class='ocrx_word' id='word_1_133' title='bbox 727 2582 853 2621; x_wconf 71' lang='lat' dir='ltr'><strong>motmunt</strong></span> <span class='ocrx_word' id='word_1_134' title='bbox 870 2572 946 2622; x_wconf 88' lang='lat' dir='ltr'><strong>oculis</strong></span> <span class='ocrx_word' id='word_1_135' title='bbox 966 2571 1024 2629; x_wconf 87' lang='lat' dir='ltr'><strong>suis,</strong></span> <span class='ocrx_word' id='word_1_136' title='bbox 1043 2579 1118 2637; x_wconf 83' lang='lat' dir='ltr'><strong>atque</strong></span> <span class='ocrx_word' id='word_1_137' title='bbox 1135 2573 1225 2637; x_wconf 65' lang='lat' dir='ltr'><strong>iugata</strong></span> 
     </span>
     <span class='ocr_line' id='line_1_21' title="bbox 179 2645 1225 2711; baseline -0.003 -14"><span class='ocrx_word' id='word_1_138' title='bbox 179 2647 278 2697; x_wconf 83' lang='lat' dir='ltr'><strong>eosdem</strong></span> <span class='ocrx_word' id='word_1_139' title='bbox 292 2647 407 2711; x_wconf 73' lang='lat' dir='ltr'><strong>predicat</strong></span> <span class='ocrx_word' id='word_1_140' title='bbox 426 2655 451 2696; x_wconf 87' lang='lat' dir='ltr'><strong>et</strong></span> <span class='ocrx_word' id='word_1_141' title='bbox 469 2646 568 2704; x_wconf 85' lang='lat' dir='ltr'><strong>Plinius,</strong></span> <span class='ocrx_word' id='word_1_142' title='bbox 584 2647 611 2696; x_wconf 87' lang='lat' dir='ltr'><strong>ii.</strong></span> <span class='ocrx_word' id='word_1_143' title='bbox 633 2650 678 2710; x_wconf 75' lang='lat'><strong>123</strong></span> <span class='ocrx_word' id='word_1_144' title='bbox 727 2662 869 2709; x_wconf 68' lang='lat' dir='ltr'><strong>suppressere,</strong></span> <span class='ocrx_word' id='word_1_145' title='bbox 879 2646 904 2694; x_wconf 91' lang='lat' dir='ltr'><strong>id</strong></span> <span class='ocrx_word' id='word_1_146' title='bbox 919 2654 964 2702; x_wconf 87' lang='lat' dir='ltr'><strong>est,</strong></span> <span class='ocrx_word' id='word_1_147' title='bbox 975 2653 1024 2694; x_wconf 87' lang='lat' dir='ltr'><strong>tarn</strong></span> <span class='ocrx_word' id='word_1_148' title='bbox 1035 2645 1225 2709; x_wconf 77' lang='lat' dir='ltr'><strong>diligenteroon·</strong></span> 
     </span>
     <span class='ocr_line' id='line_1_22' title="bbox 180 2719 1225 2788; baseline -0.001 -19"><span class='ocrx_word' id='word_1_149' title='bbox 180 2729 198 2750; x_wconf 81' lang='lat'><strong>⁴⁴</strong></span> <span class='ocrx_word' id='word_1_150' title='bbox 211 2720 288 2770; x_wconf 80' lang='lat' dir='ltr'><strong>Meeti</strong></span> <span class='ocrx_word' id='word_1_151' title='bbox 304 2720 399 2785; x_wconf 76' lang='lat' dir='ltr'><strong>iugenio</strong></span> <span class='ocrx_word' id='word_1_152' title='bbox 415 2731 475 2780; x_wconf 88' lang='lat' dir='ltr'><strong>este,</strong></span> <span class='ocrx_word' id='word_1_153' title='bbox 492 2721 548 2770; x_wconf 84' lang='lat' dir='ltr'><strong>cmii</strong></span> <span class='ocrx_word' id='word_1_154' title='bbox 565 2722 679 2788; x_wconf 78' lang='lat' dir='ltr'><strong>interpr-e·</strong></span> <span class='ocrx_word' id='word_1_155' title='bbox 728 2720 837 2786; x_wconf 84' lang='lat' dir='ltr'><strong>templati</strong></span> <span class='ocrx_word' id='word_1_156' title='bbox 852 2730 908 2770; x_wconf 87' lang='lat' dir='ltr'><strong>sunt</strong></span> <span class='ocrx_word' id='word_1_157' title='bbox 919 2720 1005 2777; x_wconf 84' lang='lat' dir='ltr'><strong>sideru,</strong></span> <span class='ocrx_word' id='word_1_158' title='bbox 1016 2735 1045 2768; x_wconf 84' lang='lat' dir='ltr'><strong>ac</strong></span> <span class='ocrx_word' id='word_1_159' title='bbox 1056 2719 1076 2769; x_wconf 82' lang='lat' dir='ltr'><strong>ei</strong></span> <span class='ocrx_word' id='word_1_160' title='bbox 1086 2719 1131 2769; x_wconf 80' lang='lat' dir='ltr'><strong>illa</strong></span> <span class='ocrx_word' id='word_1_161' title='bbox 1140 2735 1225 2769; x_wconf 78' lang='lat' dir='ltr'><strong>mense</strong></span> 
     </span>
     <span class='ocr_line' id='line_1_23' title="bbox 181 2794 936 2861; baseline -0.001 -16"><span class='ocrx_word' id='word_1_162' title='bbox 181 2805 227 2852; x_wconf 82' lang='lat' dir='ltr'><strong>tes,</strong></span> <span class='ocrx_word' id='word_1_163' title='bbox 245 2811 369 2860; x_wconf 78' lang='lat' dir='ltr'><strong>rerumque</strong></span> <span class='ocrx_word' id='word_1_164' title='bbox 385 2804 475 2846; x_wconf 76' lang='lat' dir='ltr'><strong>nature</strong></span> <span class='ocrx_word' id='word_1_165' title='bbox 488 2810 597 2861; x_wconf 77' lang='lat' dir='ltr'><strong>capuces,</strong></span> <span class='ocrx_word' id='word_1_166' title='bbox 609 2812 679 2860; x_wconf 85' lang='lat' dir='ltr'><strong>argu-</strong></span> <span class='ocrx_word' id='word_1_167' title='bbox 729 2804 808 2845; x_wconf 80' lang='lat' dir='ltr'><strong>essent</strong></span> <span class='ocrx_word' id='word_1_168' title='bbox 818 2794 936 2860; x_wconf 80' lang='lat' dir='ltr'><strong>imposita.</strong></span> 
     </span>
     <span class='ocr_line' id='line_1_24' title="bbox 184 2865 1226 2935; baseline -0.001 -17"><span class='ocrx_word' id='word_1_169' title='bbox 184 2869 258 2918; x_wconf 87' lang='lat' dir='ltr'><strong>menti</strong></span> <span class='ocrx_word' id='word_1_170' title='bbox 271 2876 409 2935; x_wconf 84' lang='lat' dir='ltr'><strong>repertores,</strong></span> <span class='ocrx_word' id='word_1_171' title='bbox 421 2886 468 2935; x_wconf 88' lang='lat' dir='ltr'><strong>quo</strong></span> <span class='ocrx_word' id='word_1_172' title='bbox 483 2870 589 2919; x_wconf 88' lang='lat' dir='ltr'><strong>homiues</strong></span> <span class='ocrx_word' id='word_1_173' title='bbox 602 2870 680 2919; x_wconf 82' lang='lat' dir='ltr'><strong>Deos·</strong></span> <span class='ocrx_word' id='word_1_174' title='bbox 762 2871 819 2919; x_wconf 85' lang='grc'><strong>307.</strong></span> <span class='ocrx_word' id='word_1_175' title='bbox 831 2870 952 2925; x_wconf 86' lang='lat' dir='ltr'><strong>Horatius,</strong></span> <span class='ocrx_word' id='word_1_176' title='bbox 961 2868 983 2916; x_wconf 88' lang='lat'><strong>1.</strong></span> <span class='ocrx_word' id='word_1_177' title='bbox 993 2865 1082 2918; x_wconf 84' lang='lat' dir='ltr'><strong>Odiii.</strong></span> <span class='ocrx_word' id='word_1_178' title='bbox 1091 2869 1133 2917; x_wconf 79' lang='lat'><strong>³8.</strong></span> <span class='ocrx_word' id='word_1_179' title='bbox 1142 2868 1226 2917; x_wconf 66' lang='lat' dir='ltr'><strong>cetu</strong></span> 
     </span>
     <span class='ocr_line' id='line_1_25' title="bbox 180 2941 1227 3009; baseline -0.003 -17"><span class='ocrx_word' id='word_1_180' title='bbox 180 2959 231 3008; x_wconf 87' lang='lat' dir='ltr'><strong>que</strong></span> <span class='ocrx_word' id='word_1_181' title='bbox 244 2943 361 2992; x_wconf 78' lang='lat' dir='ltr'><strong>vicistis.”</strong></span> <span class='ocrx_word' id='word_1_182' title='bbox 394 2943 442 2992; x_wconf 82' lang='lat' dir='ltr'><strong>Eos</strong></span> <span class='ocrx_word' id='word_1_183' title='bbox 461 2943 533 3009; x_wconf 81' lang='lat' dir='ltr'><strong>paulo</strong></span> <span class='ocrx_word' id='word_1_184' title='bbox 549 2943 605 2992; x_wconf 80' lang='lat' dir='ltr'><strong>ante</strong></span> <span class='ocrx_word' id='word_1_185' title='bbox 621 2949 681 2992; x_wconf 82' lang='lat' dir='ltr'><strong>uiros</strong></span> <span class='ocrx_word' id='word_1_186' title='bbox 728 2945 802 3005; x_wconf 77' lang='lat' dir='ltr'><strong>iprum</strong></span> <span class='ocrx_word' id='word_1_187' title='bbox 820 2946 919 3005; x_wconf 66' lang='lat' dir='ltr'><strong>palmos</strong></span> <span class='ocrx_word' id='word_1_188' title='bbox 938 2944 1048 2997; x_wconf 73' lang='lat' dir='ltr'><strong>urbitio,</strong></span> <span class='ocrx_word' id='word_1_189' title='bbox 1070 2941 1180 2990; x_wconf 78' lang='lat' dir='ltr'><strong>elludens</strong></span> <span class='ocrx_word' id='word_1_190' title='bbox 1202 2948 1227 2989; x_wconf 86' lang='lat' dir='ltr'><strong>et</strong></span> 
     </span>
     <span class='ocr_line' id='line_1_26' title="bbox 180 3013 1226 3084; baseline -0.009 -12"><span class='ocrx_word' id='word_1_191' title='bbox 180 3021 285 3084; x_wconf 66' lang='lat' dir='ltr'><strong>ingentes</strong></span> <span class='ocrx_word' id='word_1_192' title='bbox 301 3025 380 3076; x_wconf 82' lang='lat' dir='ltr'><strong>vocat,</strong></span> <span class='ocrx_word' id='word_1_193' title='bbox 400 3033 519 3084; x_wconf 86' lang='lat' dir='ltr'><strong>supraque</strong></span> <span class='ocrx_word' id='word_1_194' title='bbox 545 3017 678 3065; x_wconf 77' lang='lat' dir='ltr'><strong>mortalium</strong></span> <span class='ocrx_word' id='word_1_195' title='bbox 728 3015 780 3082; x_wconf 87' lang='lat' dir='ltr'><strong>ipse</strong></span> <span class='ocrx_word' id='word_1_196' title='bbox 797 3015 829 3064; x_wconf 76' lang='lat' dir='ltr'><strong>ad</strong></span> <span class='ocrx_word' id='word_1_197' title='bbox 846 3016 964 3080; x_wconf 78' lang='lat' dir='ltr'><strong>gigantas,</strong></span> <span class='ocrx_word' id='word_1_198' title='bbox 975 3014 1025 3080; x_wconf 90' lang='lat' dir='ltr'><strong>qui,</strong></span> <span class='ocrx_word' id='word_1_199' title='bbox 1036 3013 1158 3062; x_wconf 86' lang='lat' dir='ltr'><strong>montibus</strong></span> <span class='ocrx_word' id='word_1_200' title='bbox 1172 3029 1226 3063; x_wconf 78' lang='lat' dir='ltr'><strong>ceu·</strong></span> 
     </span>
     <span class='ocr_line' id='line_1_27' title="bbox 182 3089 1226 3157; baseline -0.004 -15"><span class='ocrx_word' id='word_1_201' title='bbox 182 3090 354 3156; x_wconf 71' lang='lat' dir='ltr'><strong>urbiumqui</strong></span> <span class='ocrx_word' id='word_1_202' title='bbox 369 3091 490 3140; x_wconf 86' lang='lat' dir='ltr'><strong>numinum</strong></span> <span class='ocrx_word' id='word_1_203' title='bbox 503 3092 579 3155; x_wconf 79' lang='lat' dir='ltr'><strong>legem</strong></span> <span class='ocrx_word' id='word_1_204' title='bbox 593 3089 678 3157; x_wconf 86' lang='lat' dir='ltr'><strong>depre·</strong></span> <span class='ocrx_word' id='word_1_205' title='bbox 727 3091 906 3155; x_wconf 63' lang='lat' dir='ltr'><strong>gutiecoemm</strong></span> <span class='ocrx_word' id='word_1_206' title='bbox 923 3090 1048 3156; x_wconf 76' lang='lat' dir='ltr'><strong>petierent,</strong></span> <span class='ocrx_word' id='word_1_207' title='bbox 1061 3104 1161 3153; x_wconf 79' lang='lat' dir='ltr'><strong>regnum</strong></span> <span class='ocrx_word' id='word_1_208' title='bbox 1179 3104 1226 3138; x_wconf 78' lang='lat' dir='ltr'><strong>coe·</strong></span> 
     </span>
     <span class='ocr_line' id='line_1_28' title="bbox 183 3162 1227 3227; baseline -0.007 -12"><span class='ocrx_word' id='word_1_209' title='bbox 183 3165 316 3217; x_wconf 80' lang='lat' dir='ltr'><strong>henderint.</strong></span> <span class='ocrx_word' id='word_1_210' title='bbox 343 3165 374 3214; x_wconf 81' lang='lat' dir='ltr'><strong>In</strong></span> <span class='ocrx_word' id='word_1_211' title='bbox 383 3168 457 3214; x_wconf 82' lang='lat' dir='ltr'><strong>domos</strong></span> <span class='ocrx_word' id='word_1_212' title='bbox 466 3167 679 3227; x_wconf 69' lang='lat' dir='ltr'><strong>superascendere,</strong></span> <span class='ocrx_word' id='word_1_213' title='bbox 728 3165 787 3215; x_wconf 88' lang='lat' dir='ltr'><strong>leste</strong></span> <span class='ocrx_word' id='word_1_214' title='bbox 804 3165 954 3214; x_wconf 79' lang='lat' dir='ltr'><strong>affectantes.</strong></span> <span class='ocrx_word' id='word_1_215' title='bbox 981 3163 1096 3213; x_wconf 85' lang='lat' dir='ltr'><strong>Ordinem</strong></span> <span class='ocrx_word' id='word_1_216' title='bbox 1112 3162 1227 3211; x_wconf 83' lang='lat' dir='ltr'><strong>montium</strong></span> 
     </span>
     <span class='ocr_line' id='line_1_29' title="bbox 182 3236 1228 3303; baseline -0.007 -13"><span class='ocrx_word' id='word_1_217' title='bbox 182 3240 260 3290; x_wconf 83' lang='lat' dir='ltr'><strong>sideru</strong></span> <span class='ocrx_word' id='word_1_218' title='bbox 280 3238 336 3289; x_wconf 81' lang='lat' dir='ltr'><strong>coell</strong></span> <span class='ocrx_word' id='word_1_219' title='bbox 357 3237 529 3303; x_wconf 87' lang='lat' dir='ltr'><strong>contemplari;</strong></span> <span class='ocrx_word' id='word_1_220' title='bbox 553 3237 637 3286; x_wconf 85' lang='lat' dir='ltr'><strong>Horat.</strong></span> <span class='ocrx_word' id='word_1_221' title='bbox 657 3238 679 3286; x_wconf 91' lang='lat'><strong>1.</strong></span> <span class='ocrx_word' id='word_1_222' title='bbox 729 3247 892 3302; x_wconf 84' lang='lat' dir='ltr'><strong>congestorum</strong></span> <span class='ocrx_word' id='word_1_223' title='bbox 912 3237 1023 3287; x_wconf 86' lang='lat' dir='ltr'><strong>eumdem</strong></span> <span class='ocrx_word' id='word_1_224' title='bbox 1042 3236 1131 3284; x_wconf 86' lang='lat' dir='ltr'><strong>Noster</strong></span> <span class='ocrx_word' id='word_1_225' title='bbox 1151 3244 1228 3284; x_wconf 74' lang='lat' dir='ltr'><strong>mat</strong></span> 
     </span>
     <span class='ocr_line' id='line_1_30' title="bbox 182 3309 1227 3375; baseline -0.005 -13"><span class='ocrx_word' id='word_1_226' title='bbox 182 3314 231 3362; x_wconf 81' lang='lat' dir='ltr'><strong>Od.</strong></span> <span class='ocrx_word' id='word_1_227' title='bbox 250 3313 331 3361; x_wconf 81' lang='lat' dir='ltr'><strong>xxviii.</strong></span> <span class='ocrx_word' id='word_1_228' title='bbox 347 3316 372 3361; x_wconf 79' lang='grc'><strong>5.</strong></span> <span class='ocrx_word' id='word_1_229' title='bbox 386 3312 417 3360; x_wconf 85' lang='lat' dir='ltr'><strong>dc</strong></span> <span class='ocrx_word' id='word_1_230' title='bbox 436 3310 551 3375; x_wconf 78' lang='lat' dir='ltr'><strong>Archyta,</strong></span> <span class='ocrx_word' id='word_1_231' title='bbox 567 3317 583 3339; x_wconf 82' lang='lat'><strong>‘⁴</strong></span> <span class='ocrx_word' id='word_1_232' title='bbox 595 3311 680 3360; x_wconf 72' lang='lat' dir='ltr'><strong>Aerias</strong></span> <span class='ocrx_word' id='word_1_233' title='bbox 729 3321 753 3361; x_wconf 89' lang='lat' dir='ltr'><strong>et</strong></span> <span class='ocrx_word' id='word_1_234' title='bbox 767 3314 802 3361; x_wconf 88' lang='lat'><strong>11.</strong></span> <span class='ocrx_word' id='word_1_235' title='bbox 815 3312 896 3360; x_wconf 81' lang='lat' dir='ltr'><strong>Amor.</strong></span> <span class='ocrx_word' id='word_1_236' title='bbox 912 3314 928 3359; x_wconf 92' lang='lat' dir='ltr'><strong>i.</strong></span> <span class='ocrx_word' id='word_1_237' title='bbox 948 3313 987 3360; x_wconf 81' lang='lat'><strong>1³.</strong></span> <span class='ocrx_word' id='word_1_238' title='bbox 1006 3318 1079 3374; x_wconf 85' lang='lat' dir='ltr'><strong>atque</strong></span> <span class='ocrx_word' id='word_1_239' title='bbox 1096 3324 1109 3358; x_wconf 90' lang='lat' dir='ltr'><strong>e</strong></span> <span class='ocrx_word' id='word_1_240' title='bbox 1128 3309 1227 3359; x_wconf 83' lang='lat' dir='ltr'><strong>lectione</strong></span> 
     </span>
     <span class='ocr_line' id='line_1_31' title="bbox 168 3384 1227 3448; baseline -0.003 -14"><span class='ocrx_word' id='word_1_241' title='bbox 168 3389 287 3435; x_wconf 84' lang='lat' dir='ltr'><strong>&#39;tentasse</strong></span> <span class='ocrx_word' id='word_1_242' title='bbox 303 3385 393 3440; x_wconf 89' lang='lat' dir='ltr'><strong>domos,</strong></span> <span class='ocrx_word' id='word_1_243' title='bbox 409 3384 533 3448; x_wconf 86' lang='lat' dir='ltr'><strong>animoque</strong></span> <span class='ocrx_word' id='word_1_244' title='bbox 554 3384 680 3433; x_wconf 88' lang='lat' dir='ltr'><strong>rotundum</strong></span> <span class='ocrx_word' id='word_1_245' title='bbox 729 3385 948 3435; x_wconf 64' lang='lat' dir='ltr'><strong>annalistam.</strong></span> <span class='ocrx_word' id='word_1_246' title='bbox 962 3387 1008 3434; x_wconf 80' lang='lat'><strong>154</strong></span> <span class='ocrx_word' id='word_1_247' title='bbox 1017 3400 1037 3431; x_wconf 87' lang='lat' dir='ltr'><strong>s.</strong></span> <span class='ocrx_word' id='word_1_248' title='bbox 1049 3385 1157 3431; x_wconf 77' lang='lat' dir='ltr'><strong>Peliacus</strong></span> <span class='ocrx_word' id='word_1_249' title='bbox 1165 3400 1227 3445; x_wconf 81' lang='lat' dir='ltr'><strong>apes,</strong></span> 
     </span>
     <span class='ocr_line' id='line_1_32' title="bbox 183 3457 1226 3523; baseline -0.001 -17"><span class='ocrx_word' id='word_1_250' title='bbox 183 3458 328 3507; x_wconf 86' lang='lat' dir='ltr'><strong>Percurriese</strong></span> <span class='ocrx_word' id='word_1_251' title='bbox 343 3457 450 3522; x_wconf 82' lang='lat' dir='ltr'><strong>polum.”</strong></span> <span class='ocrx_word' id='word_1_252' title='bbox 484 3457 579 3505; x_wconf 75' lang='lat' dir='ltr'><strong>Confer.</strong></span> <span class='ocrx_word' id='word_1_253' title='bbox 593 3459 680 3505; x_wconf 86' lang='lat' dir='ltr'><strong>Lucre·</strong></span> <span class='ocrx_word' id='word_1_254' title='bbox 730 3467 848 3523; x_wconf 82' lang='lat' dir='ltr'><strong>quatenus</strong></span> <span class='ocrx_word' id='word_1_255' title='bbox 863 3458 954 3515; x_wconf 88' lang='lat' dir='ltr'><strong>Pelion,</strong></span> <span class='ocrx_word' id='word_1_256' title='bbox 972 3457 1083 3505; x_wconf 88' lang='lat' dir='ltr'><strong>minimus</strong></span> <span class='ocrx_word' id='word_1_257' title='bbox 1097 3472 1174 3514; x_wconf 86' lang='lat' dir='ltr'><strong>mons,</strong></span> <span class='ocrx_word' id='word_1_258' title='bbox 1189 3472 1226 3505; x_wconf 86' lang='lat' dir='ltr'><strong>su·</strong></span> 
     </span>
     <span class='ocr_line' id='line_1_33' title="bbox 184 3531 1229 3597; baseline -0.001 -17"><span class='ocrx_word' id='word_1_259' title='bbox 184 3533 241 3589; x_wconf 87' lang='lat' dir='ltr'><strong>tius,</strong></span> <span class='ocrx_word' id='word_1_260' title='bbox 249 3533 265 3580; x_wconf 86' lang='lat' dir='ltr'><strong>i.</strong></span> <span class='ocrx_word' id='word_1_261' title='bbox 276 3532 318 3579; x_wconf 82' lang='grc'><strong>74.</strong></span> <span class='ocrx_word' id='word_1_262' title='bbox 353 3531 418 3578; x_wconf 80' lang='lat' dir='ltr'><strong>Locis</strong></span> <span class='ocrx_word' id='word_1_263' title='bbox 434 3531 538 3578; x_wconf 80' lang='lat' dir='ltr'><strong>humanis</strong></span> <span class='ocrx_word' id='word_1_264' title='bbox 551 3533 632 3578; x_wconf 71' lang='lat' dir='ltr'><strong>exserit</strong></span> <span class='ocrx_word' id='word_1_265' title='bbox 643 3547 681 3577; x_wconf 85' lang='lat' dir='ltr'><strong>ea·</strong></span> <span class='ocrx_word' id='word_1_266' title='bbox 730 3548 836 3597; x_wconf 78' lang='lat' dir='ltr'><strong>promum</strong></span> <span class='ocrx_word' id='word_1_267' title='bbox 851 3543 952 3597; x_wconf 85' lang='lat' dir='ltr'><strong>occupat</strong></span> <span class='ocrx_word' id='word_1_268' title='bbox 969 3533 1056 3580; x_wconf 86' lang='lat' dir='ltr'><strong>locum.</strong></span> <span class='ocrx_word' id='word_1_269' title='bbox 1091 3531 1229 3596; x_wconf 74' lang='lat' dir='ltr'><strong>Metaripro</strong></span> 
     </span>
     <span class='ocr_line' id='line_1_34' title="bbox 181 3601 1228 3670; baseline -0.002 -16"><span class='ocrx_word' id='word_1_270' title='bbox 181 3617 234 3669; x_wconf 83' lang='lat' dir='ltr'><strong>put,</strong></span> <span class='ocrx_word' id='word_1_271' title='bbox 250 3604 290 3670; x_wconf 91' lang='lat' dir='ltr'><strong>qui</strong></span> <span class='ocrx_word' id='word_1_272' title='bbox 308 3620 356 3653; x_wconf 88' lang='lat' dir='ltr'><strong>non</strong></span> <span class='ocrx_word' id='word_1_273' title='bbox 374 3611 466 3652; x_wconf 84' lang='lat' dir='ltr'><strong>tuntum</strong></span> <span class='ocrx_word' id='word_1_274' title='bbox 483 3601 595 3659; x_wconf 88' lang='lat' dir='ltr'><strong>intuetur,</strong></span> <span class='ocrx_word' id='word_1_275' title='bbox 616 3603 680 3667; x_wconf 90' lang='lat' dir='ltr'><strong>quod</strong></span> <span class='ocrx_word' id='word_1_276' title='bbox 730 3607 815 3654; x_wconf 86' lang='lat' dir='ltr'><strong>metiri.</strong></span> <span class='ocrx_word' id='word_1_277' title='bbox 848 3608 950 3655; x_wconf 83' lang='lat' dir='ltr'><strong>Sensus:</strong></span> <span class='ocrx_word' id='word_1_278' title='bbox 976 3606 1011 3653; x_wconf 83' lang='lat' dir='ltr'><strong>Ex</strong></span> <span class='ocrx_word' id='word_1_279' title='bbox 1029 3604 1133 3653; x_wconf 84' lang='lat' dir='ltr'><strong>inventis</strong></span> <span class='ocrx_word' id='word_1_280' title='bbox 1149 3619 1228 3652; x_wconf 77' lang='lat' dir='ltr'><strong>eorunr</strong></span> 
     </span>
     <span class='ocr_line' id='line_1_35' title="bbox 184 3676 1228 3745; baseline -0.003 -17"><span class='ocrx_word' id='word_1_281' title='bbox 184 3689 240 3728; x_wconf 81' lang='lat' dir='ltr'><strong>ante</strong></span> <span class='ocrx_word' id='word_1_282' title='bbox 257 3679 330 3744; x_wconf 84' lang='lat' dir='ltr'><strong>pedes</strong></span> <span class='ocrx_word' id='word_1_283' title='bbox 347 3687 392 3734; x_wconf 91' lang='lat' dir='ltr'><strong>est,</strong></span> <span class='ocrx_word' id='word_1_284' title='bbox 410 3677 453 3725; x_wconf 85' lang='lat' dir='ltr'><strong>sed</strong></span> <span class='ocrx_word' id='word_1_285' title='bbox 471 3676 570 3741; x_wconf 83' lang='lat' dir='ltr'><strong>suspicit</strong></span> <span class='ocrx_word' id='word_1_286' title='bbox 586 3687 610 3726; x_wconf 90' lang='lat' dir='ltr'><strong>et</strong></span> <span class='ocrx_word' id='word_1_287' title='bbox 624 3694 679 3726; x_wconf 87' lang='lat' dir='ltr'><strong>con·</strong></span> <span class='ocrx_word' id='word_1_288' title='bbox 730 3681 844 3729; x_wconf 84' lang='lat' dir='ltr'><strong>nonnulla</strong></span> <span class='ocrx_word' id='word_1_289' title='bbox 862 3690 975 3745; x_wconf 84' lang='lat' dir='ltr'><strong>repetam.</strong></span> <span class='ocrx_word' id='word_1_290' title='bbox 1008 3679 1075 3726; x_wconf 80' lang='lat' dir='ltr'><strong>Statu</strong></span> <span class='ocrx_word' id='word_1_291' title='bbox 1096 3681 1172 3726; x_wconf 80' lang='lat' dir='ltr'><strong>sideru</strong></span> <span class='ocrx_word' id='word_1_292' title='bbox 1188 3694 1228 3744; x_wconf 86' lang='lat' dir='ltr'><strong>op·</strong></span> 
     </span>
     <span class='ocr_line' id='line_1_36' title="bbox 184 3751 1229 3819; baseline -0.003 -17"><span class='ocrx_word' id='word_1_293' title='bbox 184 3754 316 3819; x_wconf 82' lang='lat' dir='ltr'><strong>templator</strong></span> <span class='ocrx_word' id='word_1_294' title='bbox 330 3752 445 3801; x_wconf 84' lang='lat' dir='ltr'><strong>eoelestia.</strong></span> <span class='ocrx_word' id='word_1_295' title='bbox 472 3751 536 3799; x_wconf 88' lang='lat' dir='ltr'><strong>Huic</strong></span> <span class='ocrx_word' id='word_1_296' title='bbox 550 3767 680 3800; x_wconf 81' lang='lat' dir='ltr'><strong>accommo-</strong></span> <span class='ocrx_word' id='word_1_297' title='bbox 730 3764 848 3819; x_wconf 88' lang='lat' dir='ltr'><strong>ponuntur</strong></span> <span class='ocrx_word' id='word_1_298' title='bbox 854 3755 920 3818; x_wconf 82' lang='lat' dir='ltr'><strong>vagis</strong></span> <span class='ocrx_word' id='word_1_299' title='bbox 927 3768 961 3802; x_wconf 83' lang='lat' dir='ltr'><strong>se.</strong></span> <span class='ocrx_word' id='word_1_300' title='bbox 970 3751 1091 3811; x_wconf 77' lang='lat' dir='ltr'><strong>enatieis3</strong></span> <span class='ocrx_word' id='word_1_301' title='bbox 1104 3767 1160 3815; x_wconf 79' lang='lat' dir='ltr'><strong>ergo</strong></span> <span class='ocrx_word' id='word_1_302' title='bbox 1167 3752 1229 3810; x_wconf 74' lang='lat' dir='ltr'><strong>fixa5</strong></span> 
     </span>
     <span class='ocr_line' id='line_1_37' title="bbox 184 3825 1228 3890; baseline -0.004 -14"><span class='ocrx_word' id='word_1_303' title='bbox 184 3828 259 3883; x_wconf 80' lang='lat' dir='ltr'><strong>davit,</strong></span> <span class='ocrx_word' id='word_1_304' title='bbox 270 3835 298 3874; x_wconf 90' lang='lat' dir='ltr'><strong>ut</strong></span> <span class='ocrx_word' id='word_1_305' title='bbox 314 3825 436 3890; x_wconf 82' lang='lat' dir='ltr'><strong>ingeniose</strong></span> <span class='ocrx_word' id='word_1_306' title='bbox 452 3825 595 3890; x_wconf 88' lang='lat' dir='ltr'><strong>loqueretur,</strong></span> <span class='ocrx_word' id='word_1_307' title='bbox 606 3833 631 3874; x_wconf 87' lang='lat' dir='ltr'><strong>et</strong></span> <span class='ocrx_word' id='word_1_308' title='bbox 645 3826 679 3875; x_wconf 76' lang='lat' dir='ltr'><strong>sl·</strong></span> <span class='ocrx_word' id='word_1_309' title='bbox 730 3827 872 3877; x_wconf 87' lang='lat' dir='ltr'><strong>Censorinus</strong></span> <span class='ocrx_word' id='word_1_310' title='bbox 892 3828 924 3876; x_wconf 94' lang='lat' dir='ltr'><strong>de</strong></span> <span class='ocrx_word' id='word_1_311' title='bbox 946 3827 980 3875; x_wconf 87' lang='lat' dir='ltr'><strong>D.</strong></span> <span class='ocrx_word' id='word_1_312' title='bbox 1002 3827 1060 3874; x_wconf 83' lang='lat' dir='ltr'><strong>Nat.</strong></span> <span class='ocrx_word' id='word_1_313' title='bbox 1083 3826 1107 3873; x_wconf 89' lang='grc'><strong>7.</strong></span> <span class='ocrx_word' id='word_1_314' title='bbox 1127 3832 1144 3852; x_wconf 86' lang='grc'>“</span> <span class='ocrx_word' id='word_1_315' title='bbox 1156 3825 1228 3873; x_wconf 78' lang='lat' dir='ltr'><strong>vitam</strong></span> 
     </span>
     <span class='ocr_line' id='line_1_38' title="bbox 184 3900 1229 3964; baseline -0.002 -15"><span class='ocrx_word' id='word_1_316' title='bbox 184 3911 270 3957; x_wconf 85' lang='lat' dir='ltr'><strong>terum,</strong></span> <span class='ocrx_word' id='word_1_317' title='bbox 282 3903 344 3949; x_wconf 81' lang='lat' dir='ltr'><strong>or&#39;tr&#39;is</strong></span> <span class='ocrx_word' id='word_1_318' title='bbox 354 3902 472 3948; x_wconf 70' lang='lat' dir='ltr'><strong>emansisse</strong></span> <span class='ocrx_word' id='word_1_319' title='bbox 482 3910 559 3961; x_wconf 80' lang='lat' dir='ltr'><strong>capot.</strong></span> <span class='ocrx_word' id='word_1_320' title='bbox 730 3910 832 3950; x_wconf 82' lang='lat' dir='ltr'><strong>nostram</strong></span> <span class='ocrx_word' id='word_1_321' title='bbox 842 3902 925 3957; x_wconf 88' lang='lat' dir='ltr'><strong>stellis,</strong></span> <span class='ocrx_word' id='word_1_322' title='bbox 934 3909 982 3950; x_wconf 85' lang='lat' dir='ltr'><strong>tam</strong></span> <span class='ocrx_word' id='word_1_323' title='bbox 995 3900 1061 3964; x_wconf 78' lang='lat' dir='ltr'><strong>vagis</strong></span> <span class='ocrx_word' id='word_1_324' title='bbox 1072 3914 1144 3964; x_wconf 84' lang='lat' dir='ltr'><strong>quam</strong></span> <span class='ocrx_word' id='word_1_325' title='bbox 1154 3900 1229 3956; x_wconf 84' lang='lat' dir='ltr'><strong>statis,</strong></span> 
     </span>
     <span class='ocr_line' id='line_1_39' title="bbox 218 3973 1228 4042; baseline -0.001 -18"><span class='ocrx_word' id='word_1_326' title='bbox 218 3977 275 4024; x_wconf 76' lang='lat'><strong>³02.</strong></span> <span class='ocrx_word' id='word_1_327' title='bbox 301 3975 408 4040; x_wconf 78' lang='lat' dir='ltr'><strong>Officium</strong></span> <span class='ocrx_word' id='word_1_328' title='bbox 427 3976 488 4039; x_wconf 71' lang='lat' dir='ltr'><strong>jin-i,</strong></span> <span class='ocrx_word' id='word_1_329' title='bbox 508 3974 584 4024; x_wconf 85' lang='lat' dir='ltr'><strong>omnis</strong></span> <span class='ocrx_word' id='word_1_330' title='bbox 610 3991 681 4042; x_wconf 83' lang='lat' dir='ltr'><strong>opera</strong></span> <span class='ocrx_word' id='word_1_331' title='bbox 730 3992 781 4024; x_wconf 85' lang='lat' dir='ltr'><strong>esse</strong></span> <span class='ocrx_word' id='word_1_332' title='bbox 801 3976 932 4040; x_wconf 86' lang='lat' dir='ltr'><strong>subjectam</strong></span> <span class='ocrx_word' id='word_1_333' title='bbox 944 3976 966 4034; x_wconf 86' lang='lat'><strong>;&#39;&#39;</strong></span> <span class='ocrx_word' id='word_1_334' title='bbox 992 3975 1093 4030; x_wconf 89' lang='lat' dir='ltr'><strong>Plinius,</strong></span> <span class='ocrx_word' id='word_1_335' title='bbox 1111 3973 1168 4022; x_wconf 80' lang='lat' dir='ltr'><strong>xvii.</strong></span> <span class='ocrx_word' id='word_1_336' title='bbox 1189 3976 1228 4023; x_wconf 73' lang='lat'><strong>⁴25.</strong></span> 
     </span>
     <span class='ocr_line' id='line_1_40' title="bbox 185 4046 1229 4113; baseline -0.005 -13"><span class='ocrx_word' id='word_1_337' title='bbox 185 4051 310 4105; x_wconf 74' lang='lat' dir='ltr'><strong>ictorum,</strong></span> <span class='ocrx_word' id='word_1_338' title='bbox 330 4057 478 4113; x_wconf 85' lang='lat' dir='ltr'><strong>patronorum</strong></span> <span class='ocrx_word' id='word_1_339' title='bbox 505 4057 529 4098; x_wconf 87' lang='lat' dir='ltr'><strong>et</strong></span> <span class='ocrx_word' id='word_1_340' title='bbox 555 4049 680 4098; x_wconf 85' lang='lat' dir='ltr'><strong>advocato·</strong></span> <span class='ocrx_word' id='word_1_341' title='bbox 730 4057 746 4078; x_wconf 81' lang='lat'><strong>‘⁴</strong></span> <span class='ocrx_word' id='word_1_342' title='bbox 760 4058 820 4098; x_wconf 85' lang='lat' dir='ltr'><strong>ststn</strong></span> <span class='ocrx_word' id='word_1_343' title='bbox 836 4049 914 4097; x_wconf 85' lang='lat' dir='ltr'><strong>sidera</strong></span> <span class='ocrx_word' id='word_1_344' title='bbox 929 4059 954 4097; x_wconf 85' lang='lat' dir='ltr'><strong>et</strong></span> <span class='ocrx_word' id='word_1_345' title='bbox 968 4049 1030 4097; x_wconf 82' lang='lat' dir='ltr'><strong>curlo</strong></span> <span class='ocrx_word' id='word_1_346' title='bbox 1046 4046 1142 4096; x_wconf 79' lang='lat' dir='ltr'><strong>affixa.”</strong></span> <span class='ocrx_word' id='word_1_347' title='bbox 1173 4049 1229 4097; x_wconf 79' lang='lat' dir='ltr'><strong>lum</strong></span> 
     </span>
     <span class='ocr_line' id='line_1_41' title="bbox 185 4119 1229 4188; baseline -0.002 -17"><span class='ocrx_word' id='word_1_348' title='bbox 185 4138 246 4171; x_wconf 90' lang='lat' dir='ltr'><strong>rum.</strong></span> <span class='ocrx_word' id='word_1_349' title='bbox 280 4123 379 4188; x_wconf 56' lang='lat' dir='ltr'><strong>Pessum</strong></span> <span class='ocrx_word' id='word_1_350' title='bbox 395 4123 463 4188; x_wconf 74' lang='lat' dir='ltr'><strong>fureo,</strong></span> <span class='ocrx_word' id='word_1_351' title='bbox 485 4123 552 4188; x_wconf 90' lang='lat' dir='ltr'><strong>cujus</strong></span> <span class='ocrx_word' id='word_1_352' title='bbox 571 4124 681 4188; x_wconf 90' lang='lat' dir='ltr'><strong>splendor</strong></span> <span class='ocrx_word' id='word_1_353' title='bbox 728 4132 948 4187; x_wconf 61' lang='lat' dir='ltr'><strong>praecessionem.</strong></span> <span class='ocrx_word' id='word_1_354' title='bbox 968 4121 1020 4170; x_wconf 86' lang='lat' dir='ltr'><strong>dies</strong></span> <span class='ocrx_word' id='word_1_355' title='bbox 1037 4129 1127 4176; x_wconf 75' lang='lat' dir='ltr'><strong>notura,</strong></span> <span class='ocrx_word' id='word_1_356' title='bbox 1144 4119 1229 4185; x_wconf 83' lang='lat' dir='ltr'><strong>quibus</strong></span> 
     </span>
     <span class='ocr_line' id='line_1_42' title="bbox 187 4195 1159 4248; baseline -0.002 -2"><span class='ocrx_word' id='word_1_357' title='bbox 187 4196 271 4246; x_wconf 75' lang='lat' dir='ltr'><strong>tattu.</strong></span> <span class='ocrx_word' id='word_1_358' title='bbox 304 4195 417 4247; x_wconf 84' lang='lat' dir='ltr'><strong>Heinsius</strong></span> <span class='ocrx_word' id='word_1_359' title='bbox 435 4199 505 4247; x_wconf 72' lang='lat' dir='ltr'><strong>onus</strong></span> <span class='ocrx_word' id='word_1_360' title='bbox 521 4209 599 4248; x_wconf 84' lang='lat' dir='ltr'><strong>morret</strong></span> <span class='ocrx_word' id='word_1_361' title='bbox 615 4206 682 4247; x_wconf 80' lang='lat' dir='ltr'><strong>sexto</strong></span> <span class='ocrx_word' id='word_1_362' title='bbox 730 4198 808 4247; x_wconf 85' lang='lat' dir='ltr'><strong>riders</strong></span> <span class='ocrx_word' id='word_1_363' title='bbox 816 4198 858 4246; x_wconf 83' lang='lat' dir='ltr'><strong>illa</strong></span> <span class='ocrx_word' id='word_1_364' title='bbox 865 4197 970 4246; x_wconf 84' lang='lat' dir='ltr'><strong>oriuntur</strong></span> <span class='ocrx_word' id='word_1_365' title='bbox 981 4205 1005 4245; x_wconf 90' lang='lat' dir='ltr'><strong>et</strong></span> <span class='ocrx_word' id='word_1_366' title='bbox 1016 4195 1159 4244; x_wconf 80' lang='lat' dir='ltr'><strong>conduntur.</strong></span> 
     </span>
    </p>
   </div>
   <div class='ocr_carea' id='block_1_4' title="bbox 0 0 1422 5018">
    <p class='ocr_par' dir='ltr' id='par_1_10' title="bbox 0 0 1422 5018">
     <span class='ocr_line' id='line_1_43' title="bbox 0 0 1422 5018; baseline 0 0"><span class='ocrx_word' id='word_1_367' title='bbox 0 0 1422 5018; x_wconf 95' lang='lat' dir='ltr'><strong> </strong></span> 
     </span>
    </p>
   </div>
  </div>
 </body>
</html>
