2806 5018
174 358 239 423 368
569 355 826 421 EXGURSUS

174 552 315 595 mensem
347 528 648 611 comprehendebat,
679 529 770 592 incisi
799 538 832 592 et
862 529 894 590 in
923 527 991 591 loro
1021 528 1214 591 Praenestino

173 634 242 715 (ubi
269 654 352 696 nuno
380 631 572 706 Palestrina)
597 632 629 695 in
656 641 831 714 conspectu
858 632 974 696 domus
1003 629 1167 695 Caesareae
1189 632 1214 694 io

173 734 348 819 hemicyclo
364 734 512 817 expositi,
529 735 595 819 jam
613 756 633 797 a
650 735 812 799 veteribus
827 735 1020 799 excitantur.
1071 734 1163 799 Suet
1180 734 1214 796 de

173 836 287 899 illustr.
303 845 469 919 grammat.
485 857 555 918 cap.
571 836 632 910 173
657 836 802 900 Macrob.
822 837 843 899 i.
861 837 914 900 10.
933 858 963 919 p.
981 835 1069 900 196:
1093 837 1131 899 of
1143 834 1214 898 Ver·

174 939 255 1002 rium
270 939 310 1001 ad
324 939 355 1001 d.
367 938 408 1000 21
424 937 505 1000 Deo.
521 937 665 1001 Macrob.
680 935 708 999 I.
725 938 781 1001 xii.
797 960 828 1020 p.
842 937 923 1023 2093
943 937 1058 1000 confer
1071 936 1214 1000 Verrium

175 1041 216 1103 ad
233 1040 265 1102 d.
280 1039 394 1123 lApr.
407 1039 462 1101 ubi
475 1039 576 1102 Macr.
590 1040 689 1103 verba
701 1037 809 1103 Verrii
824 1039 928 1103 minus
940 1039 1063 1122 pudica
1080 1039 1143 1103 sibi
1156 1039 1214 1103 risa

174 1142 308 1216 reticet3
331 1151 365 1205 et
380 1141 476 1205 Ovid.
493 1142 526 1204 in
541 1141 629 1204 Fast.
644 1142 686 1204 vi.
698 1141 759 1205 62:

330 1317 445 1394 Inspice
457 1336 527 1394 quos
541 1316 644 1376 habeat
658 1316 810 1376 nemomlis
822 1317 921 1375 Aricia
934 1318 1033 1387 fastos,

370 1411 412 1470 Et
426 1411 548 1490 populns
561 1411 701 1481 Laurens,
716 1411 938 1489 Lanuviumque
951 1433 1072 1482 meum;

331 1507 387 1565 Est
401 1506 461 1564 illic
474 1506 579 1564 mensis
592 1505 612 1563 J
614 1506 736 1565 unonius
747 1529 754 1564 :
777 1506 886 1584 inspice
899 1505 993 1565 Tibur

371 1600 413 1659 Et
429 1599 617 1658 Praenestinoe
631 1600 733 1659 moenio
747 1621 834 1658 sacro
849 1600 930 1668 Deoe,

176 1763 216 1826 ad
236 1782 332 1844 quem
352 1761 456 1823 locum
476 1761 607 1844 egregie
629 1760 796 1843 Neapolis,
819 1782 854 1823 se
877 1782 987 1824 eorum
1007 1760 1152 1845 opinioni
1168 1760 1214 1844 qui

175 1864 265 1927 fastis
292 1862 480 1945 Capitolinis
505 1863 644 1926 inventis
670 1862 817 1926 Suetonii
844 1863 947 1926 locum
973 1884 1012 1926 eo
1042 1863 1214 1935 trabebant,

177 1986 316 2049 unquam
340 1964 495 2029 calculum
518 1965 700 2027 additurum
722 1973 831 2048 negat.
878 1964 1026 2042 Quatuor
1053 1965 1214 2034 mensium.

176 2066 332 2142 tannarii,
364 2066 483 2140 Martii,
510 2064 630 2148 Aprilis
657 2075 691 2128 et
715 2065 904 2129 Decembris
929 2065 1114 2150 fragmenta
1140 2087 1216 2130 nuuc

177 2179 280 2244 eruta,
296 2178 329 2232 et
344 2168 463 2253 quippe
479 2174 639 2230 vetustate
658 2174 692 2230 et
709 2167 800 2231 ruina
815 2167 953 2231 maxime
972 2169 1088 2232 adrosa
1102 2177 1138 2231 et
1152 2189 1216 2252 per·

176 2271 288 2345 fracta,
309 2270 365 2333 sed
389 2268 537 2353 Fogginii
558 2289 666 2352 opera,
688 2269 792 2351 quoad
815 2268 885 2331 fieri
904 2277 1044 2352 poterat,
1066 2270 1216 2340 ordinata,

177 2372 333 2457 suppleta,
357 2380 392 2433 et
410 2369 515 2469 amplp
537 2371 763 2434 commentario
786 2371 951 2447 illustrata,
976 2372 1017 2435 ob
1044 2373 1216 2457 egregium,

178 2476 234 2557 qui
255 2475 292 2536 iis
310 2475 341 2535 in
357 2473 476 2537 Ovidio
494 2474 685 2556 explicando
704 2495 778 2537 usus
794 2483 852 2549 est,
871 2495 909 2536 eo
929 2474 1032 2557 majus
1053 2475 1160 2558 operis
1177 2475 1217 2536 io·

177 2577 260 2659 tegri
289 2575 480 2639 desiderium
509 2576 665 2659 injiciunt.
715 2576 815 2660 Agite
843 2577 949 2662 igitur,
975 2577 1128 2659 quaedam
1156 2576 1218 2639 loca

176 2699 434 2761 percenseamus
452 2678 506 2740 ubi
521 2699 630 2741 eorum
653 2678 684 2741 in
703 2677 821 2741 Ouidio
838 2678 1029 2767 explicando
1047 2679 1098 2741 vel
1118 2700 1219 2742 emen·

179 2783 284 2845 dando
300 2790 406 2864 partes
423 2790 505 2844 sunt.

220 2886 311 2948 Fast.
337 2886 357 2946 i.
379 2883 455 2946 589.
478 2886 517 2947 ad
540 2885 572 2945 d.
592 2884 646 2947 13.
669 2884 773 2967 April.
818 2885 955 2948 Ovidius
977 2886 1162 2967 provincias
1182 2884 1216 2946 ab

178 2988 355 3051 Octaviano
373 2987 489 3070 populo
504 2987 654 3059 redditas,
671 2997 703 3049 et
722 3009 898 3072 cognomen
914 2985 1060 3070 Augusti
1077 2988 1111 3050 in
1127 3007 1216 3050 unum

178 3091 391 3172 eumdemque
406 3089 490 3151 diem
507 3110 625 3172 ponere
645 3089 787 3151 videtur:

333 3250 515 3328 Redditaque
529 3261 572 3307 est
587 3250 677 3308 omnis
691 3250 795 3327 populo
809 3250 954 3327 provincia
967 3260 1074 3317 nostro,

372 3347 413 3404 Et
428 3358 496 3404 tuus
511 3346 645 3422 Augusto
656 3345 774 3404 nomine
788 3345 883 3403 dictus
897 3365 975 3402 avus.

176 3500 364 3563 Tenendum
396 3497 425 3558 b.
455 3497 475 3558 l.
505 3488 590 3579 quod
618 3495 878 3577 diligentissimus
909 3495 1046 3578 quisque
1077 3504 1210 3558 veterum

177 3601 364 3682 scriptorum
381 3599 480 3661 lector
501 3597 627 3660 minime
644 3598 812 3680 ignorabit,
829 3618 915 3679 saepe
932 3617 986 3658 eos
1002 3618 1122 3667 rerum,
1139 3593 1210 3658 baud

177 3704 307 3785 quidem
323 3702 412 3763 simul
429 3712 601 3784 gestarum,
620 3701 676 3762 sed
698 3715 807 3762 mutua
828 3700 951 3762 ratione
967 3700 1208 3782 conjunctarum.

171 3805 307 3889 junctim
332 3804 524 3865 mentionem
550 3803 691 3885 injicere.
738 3801 789 3864 Ita
816 3801 959 3875 Orosius,
988 3802 1030 3864 vi.
1057 3801 1112 3865 20.
1137 3805 1208 3884 post-

177 3928 272 3990 quam
290 3907 320 3967 d.
339 3905 402 3966 viii.
420 3914 494 3967 ante
512 3905 560 3967 ld.
579 3904 738 3968 Caesarem
760 3905 891 3967 rediisse
907 3904 1091 3986 scripserat,
1109 3902 1207 3965 eodem

178 4012 230 4073 die
252 4030 323 4071 eum
346 4007 526 4090 Augustum
549 4008 780 4071 consalutatum
802 4029 885 4081 esse,
906 4007 1006 4079 addit,
1024 4007 1207 4090 conjungens

179 4114 257 4175 duas
273 4133 323 4174 res
340 4134 358 4174 a
374 4111 557 4173 seinvicem
579 4111 767 4192 pendentes,
786 4132 847 4173 non
869 4109 960 4172 simul
979 4108 1092 4171 lactas.
1138 4107 1209 4170 Pre-
