2806 5018
447 391 706 457 FASTORUM
730 392 821 458 LIB.
846 393 889 459 V.
1138 394 1204 459 275

154 565 267 638 Virus
285 565 384 639 edax
402 566 606 662 superabat
622 590 754 664 opem;
775 568 1002 664 penitusque
1021 579 1172 665 recepta

202 682 379 767 Ossibus,
399 694 438 755 et
456 693 536 755 toto
554 707 710 780 corpore
729 684 847 779 pestis
865 696 956 757 erat.

154 798 349 893 Sanguine
369 799 548 873 Centauri
569 798 732 873 Lernaeae
751 801 902 895 sanguis
921 799 1103 872 Echidnae
1128 801 1202 871 405

202 913 350 985 Mixtus
369 913 417 986 ad
436 915 618 986 auxilium
637 926 806 1012 tempora
823 916 925 987 nulla
942 914 1096 988 dabant.

154 1030 303 1114 Stabat,
317 1041 455 1104 utente
467 1040 624 1126 patrem,
638 1031 813 1127 lacrymis
825 1030 997 1128 perfusus
1012 1029 1198 1116 Achilles;

207 1145 271 1217 Sic
291 1145 439 1218 flendus
458 1145 610 1231 Peleus,
630 1148 661 1218 si
680 1159 896 1231 moreretur,
918 1157 1009 1219 erat.

154 1261 266 1358 Saepe
285 1285 417 1333 manus
437 1285 555 1358 aegras
574 1263 747 1334 manibus
766 1262 932 1356 fingebat
949 1262 1100 1348 amicis;

201 1375 365 1460 Morum,
386 1402 481 1473 quos
499 1378 600 1463 fecit,
620 1378 772 1475 praemia
789 1379 919 1450 doctor
936 1378 1063 1450 habet.
1122 1381 1197 1449 410

154 1493 297 1565 Oscula
315 1516 417 1591 saepe
435 1494 560 1568 dedit:
591 1495 688 1568 dixit
706 1518 859 1591 quoque
878 1518 980 1590 saepe
993 1493 1157 1588 jacenti:

204 1608 310 1694 Vive,
330 1633 483 1706 precor;
512 1635 583 1684 nec
600 1635 674 1695 me,
693 1634 791 1693 care,
811 1611 992 1705 relinque,
1011 1620 1131 1706 pater.
1204 1601 1206 1604 ’

155 1721 268 1797 Nona
285 1724 366 1796 dies
384 1725 535 1810 aderat3
567 1750 684 1821 quum
702 1737 756 1810 tu,
771 1725 981 1820 justissime
999 1724 1155 1809 Chiron,
1237 1781 1240 1794 .

204 1838 271 1911 Bis
290 1851 436 1935 septem
454 1841 573 1913 stellis
592 1864 748 1937 corpora
765 1842 911 1912 cinctus
929 1864 1024 1912 eras,
1125 1844 1198 1911 414

154 1951 277 2025 Hunc
299 1953 397 2049 Lyra
412 1979 526 2027 curva
541 1954 647 2050 sequi
666 1966 846 2050 cuperet3
869 1955 936 2026 sed
955 1954 1089 2028 idonea
1107 1979 1197 2028 non·

204 2069 275 2141 Est
292 2071 371 2143 via:
401 2095 476 2142 nox
488 2081 624 2168 aptum
640 2070 752 2143 tertia
768 2080 918 2165 tempus
937 2070 1019 2142 erit.
1092 2070 1198 2164 [dum

154 2187 361 2259 Scoerros
382 2189 419 2258 in
438 2189 545 2273 coelo,
566 2210 683 2283 quum
702 2210 784 2258 cras
803 2187 993 2258 lucescere
1015 2184 1144 2259 Nonas

203 2303 390 2390 Dicimus,
410 2330 432 2377 a
450 2304 574 2378 media
592 2314 699 2402 parte
716 2302 903 2374 notandus
921 2302 1004 2374 erit.

154 2457 250 2506 miscere
262 2457 354 2514 herbas,
365 2469 388 2506 et
399 2475 483 2507 succos
496 2459 608 2506 adhibere
620 2456 650 2505 ad
701 2455 793 2509 metuit,
810 2471 839 2502 ne
856 2469 937 2502 versus
952 2456 1010 2502 410.
1034 2454 1134 2510 Morum,
1152 2463 1199 2503 etc.

154 2531 299 2580 medicamen
310 2533 506 2598 componendum.
541 2533 650 2588 llulcere,
701 2529 732 2577 sit
743 2527 890 2594 grammatici
902 2529 1011 2593 alicujus,
1022 2539 1064 2576 aut
1078 2527 1200 2593 pedagogi

154 2613 176 2652 nt
183 2605 278 2669 sonere,
295 2615 387 2669 gratam
404 2605 553 2654 relectionem
570 2615 594 2653 et
608 2622 649 2653 cu·
701 2611 869 2656 commentum,
885 2619 957 2667 quum
973 2601 1097 2651 oscitantia
1112 2602 1201 2652 librarii

154 2693 200 2726 raro
220 2675 318 2725 indicat.
356 2679 425 2726 Varia
441 2680 502 2727 bene
516 2695 541 2726 se
560 2678 650 2737 habet;
701 2677 819 2741 genuinus
837 2677 917 2725 Ovidii
937 2685 999 2724 esset
1017 2676 1132 2736 omissus,
1158 2676 1200 2725 sed

154 2750 273 2814 redvnlg.
291 2769 350 2799 orno
364 2752 496 2815 respuenda
511 2763 553 2799 est.
588 2753 652 2799 Cura
701 2751 856 2799 enmbabere
870 2751 943 2813 frigus
958 2761 982 2798 et
997 2749 1118 2799 lenitatem
1131 2750 1200 2799 semi·

154 2822 263 2871 Chironis
270 2823 308 2871 bic
317 2824 473 2884 describitur,
486 2841 570 2873 vanarn
579 2824 651 2873 luisse
702 2825 836 2873 barbaram.
871 2824 909 2872 Ab
925 2840 952 2872 eo
966 2824 1117 2873 Schiracbius
1130 2825 1200 2890 plane

154 2912 202 2946 sam
213 2896 238 2944 in
250 2913 304 2961 sqq.
314 2897 409 2946 demum
421 2907 536 2946 monetur.
702 2897 817 2953 dissentit,
833 2906 951 2962 negatque
965 2908 988 2946 et
999 2914 1091 2946 versum
1107 2897 1200 2962 frigere,

182 2972 241 3019 ⁴03.
257 2971 391 3019 Secundum
409 2971 521 3026 Plinium,
536 2989 591 3019 xxv.
609 2973 650 3019 30.
701 2971 891 3031 etfaceremores
901 2987 952 3018 esse
964 2970 1058 3034 phrasin
1068 2971 1201 3019 barbaram.
1221 2979 1225 2985 “

154 3044 240 3094 Chiron
257 3045 376 3108 superavit
393 3060 438 3106 ope
459 3045 536 3092 virus:
563 3052 577 3071 ‘¹
587 3045 650 3092 Cen·
701 3045 754 3091 Hoc
772 3053 862 3092 certum
878 3052 921 3099 est,
938 3045 1079 3091 sententiam
1095 3060 1145 3093 esse
1160 3061 1199 3092 re·

154 3118 227 3167 aurio
246 3127 341 3166 curatos
360 3117 446 3166 dicitur
462 3117 558 3173 Chiron,
577 3133 649 3181 quum
701 3133 760 3173 ram,
772 3133 815 3164 nec
828 3117 904 3164 alieno
915 3117 967 3164 loco
978 3117 1117 3166 adhibitam.
1150 3118 1199 3167 le-

154 3189 262 3240 Herculis
275 3192 368 3256 excepti
384 3190 484 3255 hospitio
498 3190 651 3254 pertractanti
702 3207 749 3256 qne
767 3207 815 3238 ver.
833 3191 915 3238 merito
930 3190 1064 3238 defenditur
1079 3190 1152 3239 etiam
1168 3192 1200 3240 ab

154 3279 216 3312 urna
242 3265 329 3327 sagitta
347 3263 471 3312 cecidisset
492 3265 516 3310 in
537 3263 649 3328 pedem.’'
701 3263 832 3312 Heinsioin
844 3264 933 3328 Opnsc.
942 3281 966 3328 p.
974 3265 1030 3312 23⁴.
1041 3264 1079 3312 cui
1088 3274 1112 3313 et
1121 3265 1199 3314 Kreb-

154 3338 252 3387 Veneno
277 3338 382 3386 Echidnae
405 3338 504 3386 Lernaee
530 3337 599 3397 periit
627 3346 650 3385 et
700 3341 748 3387 sius
770 3337 905 3386 assentitur.
939 3337 1040 3393 Jocenti,
1068 3338 1200 3402 egrotanti.

154 3411 251 3465 Nune,
264 3412 324 3460 Met.
334 3411 366 3458 ix.
380 3412 433 3457 130.
443 3419 466 3458 ct
477 3411 527 3475 ipse
536 3410 651 3458 Hercules
704 3411 765 3466 Vive,
783 3420 829 3458 etc.
847 3426 902 3458 vere
918 3427 962 3458 vox
978 3419 1064 3458 tenere
1081 3411 1159 3460 eretis
1175 3412 1200 3461 in

154 3484 208 3534 bid.
219 3500 269 3532 ver.
283 3485 336 3533 158.
352 3484 461 3532 Allectus
473 3484 573 3531 Achillis
583 3484 650 3547 pueri
701 3486 742 3533 tali
757 3483 913 3548 discrimine.
948 3485 989 3532 Bis
1008 3494 1098 3546 septem.
1120 3485 1200 3534 Schol.

156 3575 173 3606 n
200 3558 340 3622 magistrum
362 3559 455 3622 egregie
483 3557 521 3605 hic
548 3567 650 3605 notetus.
701 3558 837 3608 Germanici
859 3576 898 3606 xx.
922 3558 1040 3606 Eratosth.
1058 3567 1082 3606 et
1109 3558 1200 3623 Hygia.

154 3634 294 3696 Sieflenrlrrs
313 3634 394 3680 Peleus
412 3642 479 3690 erat,·
507 3635 541 3680 ric
558 3630 650 3679 flendus
701 3634 768 3681 Poet.
785 3633 838 3682 Ast.
855 3632 889 3680 iii.
903 3633 942 3680 37.
960 3641 1060 3697 quatuor
1077 3641 1101 3682 et
1116 3633 1200 3698 viginti

154 3714 230 3770 pater:
248 3706 317 3770 quasi
332 3707 404 3760 dicat,
420 3722 466 3754 non
478 3706 546 3754 aliter
559 3715 649 3770 patrem
701 3707 782 3757 stellas
803 3708 827 3754 in
849 3708 970 3755 Centauro
992 3719 1125 3764 numerant,
1146 3724 1200 3769 quae

154 3780 289 3828 norientem
302 3780 412 3828 flevisset.
446 3781 552 3844 Fingere,
568 3777 650 3826 leviter
701 3791 837 3829 tamennon
852 3796 933 3828 omnes
944 3780 968 3828 in
982 3789 1136 3844 conspectum
1147 3798 1199 3830 nos-

154 3867 250 3917 ergere,
263 3854 384 3913 mulcere;
401 3853 515 3902 Heroidd.
532 3870 571 3900 rs.
588 3854 649 3899 1³3:
701 3863 761 3901 trum
773 3854 897 3919 prodeunt.

156 3927 217 3975 'Me
230 3926 355 3975 miserum!
375 3927 438 3990 qnod
449 3943 495 3974 non
508 3925 650 3974 medicorum
735 3929 791 3976 ⁴15.
809 3928 873 3990 Lyra
894 3925 928 3976 iii.
951 3927 1030 3976 Nonas
1050 3931 1125 3976 oritur
1146 3937 1199 3977 ortu

154 4015 212 4050 tren
227 3999 343 4057 ministro,
360 4001 498 4064 Effingoque
512 4000 649 4054 manunin-
703 4001 847 4057 acronicbio,
865 4001 907 4049 sed
925 4000 995 4049 Aetio
1012 4001 1098 4066 pridie.
1129 4002 1198 4061 Μηνὶ

154 4071 264 4136 iideoquo
274 4074 352 4121 toro.’'
386 4074 452 4136 Virg.
465 4075 523 4121 AEn.
535 4073 651 4120 1111635.
702 4076 739 4136 τῷ
748 4073 845 4138 αὐτῷὸ
858 4074 927 4139 Λύρα
938 4073 1046 4138 ἑσπέριος
1057 4073 1184 4123 ἐπιτέλλει.

154 4147 178 4195 le
192 4146 267 4211 lupa:
286 4154 303 4174 ⁴⁶
316 4148 422 4196 Mulcere
438 4146 548 4203 alternos,
563 4155 588 4193 et
599 4162 650 4194 cor·
735 4149 791 4195 417.
807 4149 893 4210 Scorpii
906 4166 960 4210 pars
976 4152 1050 4196 attere
1061 4150 1136 4209 pridie
1149 4147 1197 4194 No-

154 4220 423 4285 mnfingereliogua.”
458 4220 569 4269 Heinsius
580 4219 649 4268 valde
701 4237 741 4268 irus
751 4222 832 4269 eccidit
844 4222 955 4287 cosmica]
968 4221 1007 4269 Sic
1018 4229 1040 4268 et
1049 4218 1197 4269 Columella:
