2806 5018
171 359 238 426 bd‘t
566 353 825 422 Excessus

175 530 261 594 Ibidi
281 549 354 593 cum
370 527 502 592 Nasone
513 527 568 610 jus
583 537 705 592 arctum
721 526 972 591 necessitudinis
996 527 1225 598 intervenient,

175 641 211 694 ut
226 653 269 694 ex
285 631 332 694 bis
347 630 467 713 liquido
482 638 591 714 petet:

290 757 413 815 Desinet
426 777 488 815 esse
501 757 580 833 prius
594 757 754 815 conuarius
768 754 885 834 ignibus
899 754 1020 823 humor,

331 851 496 928 Junctaque
510 869 576 908 cum
589 848 675 908 Luna
688 848 800 907 lumina
814 846 891 909 Solis
905 859 1009 908 erum.

177 984 305 1046 Deinde
323 991 394 1066 post
409 990 526 1043 ἀδύνατα
540 983 651 1057 multa,

295 1116 392 1225 ngm
405 1115 476 1173 mihi
489 1116 527 1175 sit
539 1127 647 1184 tecum,
661 1116 760 1194 positis
773 1135 838 1194 que
851 1115 1037 1193 sumpsimus
1050 1118 1148 1186 ermb,

337 1210 449 1279 Gratia,
463 1211 631 1280 commissis,
642 1210 781 1288 improbe,
793 1221 881 1288 rupta
893 1210 966 1269 tuis.

178 1354 253 1418 Hoc
274 1361 324 1415 est
343 1351 437 1434 plane
461 1351 547 1434 quod
568 1352 609 1414 de
630 1348 764 1436 Hygino
785 1351 963 1415 Suetonius
989 1361 1147 1417 testatum
1165 1351 1224 1415 reli·

177 1455 258 1537 quit.
297 1453 465 1515 Postremo
481 1474 579 1535 quum
602 1452 654 1515 ille
673 1450 840 1537 Hyginum
860 1453 1041 1517 admodum
1062 1472 1225 1538 pauperem

176 1556 352 1618 decessisse
368 1555 475 1628 tradit,
492 1555 677 1639 conjecture
694 1576 767 1618 mea
788 1554 902 1617 mirum
924 1555 958 1617 in
975 1557 1113 1620 modum
1127 1554 1224 1619 conlir·

174 1664 297 1729 mutur3
321 1655 423 1718 Ibidis
440 1655 527 1718 euim
546 1663 768 1740 paupertatem
785 1654 923 1718 Ovidius
944 1656 1019 1741 ipse
1041 1658 1159 1732 innuit,
1174 1655 1223 1718 luc

176 1759 416 1842 imprecatione,
432 1779 527 1840 quam
547 1759 707 1822 Domitius
723 1779 785 1822 uon
800 1758 966 1841 percepit:

295 1907 388 1966 Filius
401 1919 432 1966 et
445 1907 558 1966 Cereris
571 1908 679 1966 frustra
691 1907 746 1966 tibi
759 1927 870 1987 semper
885 1918 1016 1977 ametur,

335 2000 542 2079 Destituatque
555 2011 620 2059 tuas
633 2021 724 2079 usque
736 2000 847 2078 petitus
860 2020 936 2077 opes

179 2163 349 2226 Nasonum
364 2162 448 2225 euim
461 2170 640 2237 votumest,
653 2170 690 2226 ut
700 2161 827 2236 Plutus,
843 2161 975 2226 Cereris
990 2172 1027 2226 et
1043 2162 1126 2227 Iasii
1144 2163 1225 2232 filins,

177 2266 232 2348 qui
248 2265 427 2327 divitiarum
440 2265 531 2327 Deus
545 2266 585 2326 ab
602 2265 740 2348 antiquis
751 2264 874 2327 habitus
889 2272 950 2338 est,
964 2265 1123 2329 molestas
1139 2264 1226 2328 Ibidis

178 2386 293 2448 preces
308 2386 469 2449 uunquam
486 2367 652 2439 exaudiat,
669 2385 810 2449 eumque
824 2386 955 2449 semper
968 2365 1082 2450 inopis
1094 2369 1226 2431 laborare

178 2467 271 2528 sinat.
311 2466 348 2529 Is
361 2476 412 2529 eet
425 2476 544 2541 summ,
562 2467 655 2550 cujus
671 2466 875 2552 mythologici
889 2467 961 2530 libri
976 2469 1126 2532 omniunt
1139 2468 1225 2532 mani

180 2565 239 2626 bus
264 2567 330 2627 triti
355 2576 536 2647 supersunt,
558 2578 593 2629 ut
614 2569 726 2631 merito
747 2569 861 2630 fabulis
884 2569 961 2642 suis,
987 2570 1084 2652 quasi
1104 2569 1226 2653 propriis

185 2665 292 2738 armis,
311 2664 453 2747 jugulari
479 2667 636 2748 videatur.
687 2671 804 2731 Annon
830 2668 961 2732 mirifice
987 2672 1099 2735 omnia
1122 2691 1223 2734 cuore

184 2766 297 2828 niuntl
337 2766 501 2828 Ceterum
523 2768 657 2830 disticho
672 2773 817 2852 superius
839 2771 979 2833 adducto
996 2772 1183 2857 Cinyphius,
1197 2770 1222 2831 id

185 2875 246 2940 est,
272 2865 446 2929 Africanus
473 2890 492 2929 a
518 2869 674 2952 Cinyphe,
702 2870 835 2954 Libyam
862 2871 1019 2948 alluente,
1044 2876 1220 2943 nominetur,

182 2969 344 3049 quomodo
366 2969 463 3043 Juba,
484 2969 688 3035 Mauritaniae
707 2993 775 3045 rex,
798 2973 838 3035 ab
859 2974 975 3037 eodem
1002 2976 1149 3049 Nasone,
1164 2972 1220 3037 hle

180 3070 436 3152 tamorphoseon,
453 3070 506 3133 lib.
523 3095 571 3134 v.:

418 3250 565 3261 ............
582 3206 613 3262 N
615 3206 782 3284 umidasque
792 3207 922 3276 rebelles,

338 3301 574 3377 Cinyphiumque
587 3302 692 3358 Jubam
702 3324 711 3369 ;

177 3432 211 3485 et
230 3423 376 3489 Bocchus
392 3448 410 3487 a
426 3425 557 3489 Sidonio
575 3427 773 3509 Panegyrico
791 3427 983 3510 Majoriani:

422 3603 725 3616 ........................
739 3563 813 3622 Cum
828 3563 920 3621 divite
933 3585 1000 3623 cera

337 3653 444 3730 Pingea
458 3655 596 3732 Cinyphii
610 3658 723 3734 captiva
737 3657 867 3736 Mapnlia
880 3657 1001 3715 Bocchi.

181 3771 269 3834 Hinc
292 3775 477 3858 Hesychius
505 3785 631 3858 Kardesos,
646 3781 760 3866 inquit,
782 3787 825 3842 τὶν
846 3789 964 3843 ’Anasta
989 3791 1042 3844 ἀπὸ
1066 3794 1166 3862 κνάφου
1182 3789 1213 3837 re·

178 3886 304 3949 ποταμοῦ,
316 3881 441 3941 tametsi
456 3891 590 3956 constet,
608 3885 730 3968 regiam
746 3885 854 3948 Antei
870 3887 911 3947 ad
927 3897 1113 3951 extremum
1129 3888 1212 3951 Occu·

178 3995 253 4038 unm
277 3977 392 4039 fuisse:
423 3982 508 4043 unde
536 3996 680 4066 apparet,
706 3986 897 4069 Cinyphium
931 3990 1130 4071 generaliter
1149 3981 1212 4049 suni

178 4096 235 4157 pro
252 4080 384 4162 Libyco,
397 4103 482 4143 more
499 4084 621 4149 scilicet
638 4097 812 4169 poetarum,
829 4088 944 4169 quibus
962 4091 1118 4155 risitatum
1133 4106 1211 4172 pecu·
