2806 5018
375 358 634 426 FASTORUM
658 361 750 425 LlB.
774 360 844 428 III.
1053 366 1119 433 137

63 531 229 604 Constat
246 529 444 603 Aventinae
461 532 658 607 tremuisse
676 535 875 609 cacumina
892 536 1015 611 silrae:

111 645 306 743 Terraque
324 647 495 721 subsedit
512 649 679 745 pondere
698 673 830 747 pressa
845 650 869 723 J
871 652 964 726 ovis.
1038 657 1113 728 330

62 760 194 835 Corda
210 761 352 834 micant
368 762 488 857 regis:
517 773 674 860 totoque
692 789 713 838 e
732 777 885 863 pectore
903 769 1056 865 sanguis

113 876 229 972 Fugit
240 905 250 964 3
262 881 265 887 ’
279 887 320 951 et
336 877 488 951 hirsute
508 878 695 974 diriguere
712 905 842 953 comae.

62 991 119 1066 Ut
138 992 250 1066 rediit
266 994 425 1081 animus,
447 994 508 1067 Da
524 1005 629 1068 certa
646 996 822 1092 piamina,
840 995 950 1084 dixit,

115 1106 312 1194 Fulminis,
332 1109 490 1182 altorum
508 1133 653 1207 rexque
670 1121 853 1208 paterque
873 1111 1017 1198 Debm3

62 1221 103 1295 Si
123 1233 191 1295 tua
207 1223 433 1319 contigimus
451 1224 623 1297 manibus
641 1226 797 1298 donaria
814 1226 938 1322 puris;
1036 1231 1110 1302 335

112 1335 197 1411 Hoc
216 1361 382 1435 quoque,
403 1340 505 1435 quod
524 1339 676 1437 petitur,
696 1340 726 1412 si
746 1341 810 1438 pia
827 1340 955 1436 lingua
972 1351 1091 1438 rogat.

60 1451 208 1526 Annuit
224 1453 366 1527 oranti:
395 1455 463 1527 sed
480 1478 608 1527 verum
627 1456 947 1551 ambageremota

112 1566 283 1655 Abdidit,
302 1580 342 1642 et
357 1568 473 1642 dubio
491 1569 623 1643 terruit
639 1594 703 1644 ore
720 1570 852 1644 virum.

60 1683 179 1757 Caede
197 1695 323 1782 caput,
342 1685 460 1759 dixit:
490 1686 550 1759 cui
569 1709 648 1772 rex,
669 1685 904 1774 Parebimus,
924 1685 1067 1783 inquit:

112 1797 307 1873 Caedenda
322 1812 381 1873 est
399 1800 514 1874 hortis
532 1811 640 1874 eruta
657 1825 753 1898 cepa
770 1802 875 1874 meis.
1033 1804 1108 1874 340

58 1913 221 1988 Addidit
239 1915 312 2001 hic,
332 1913 527 1988 Hominis:
560 1916 747 2001 Summae,
768 1916 821 1990 ait
842 1916 917 2002 ille,
936 1916 1106 2013 capillos.

109 2029 286 2103 Postulat
303 2030 364 2104 hic
382 2032 565 2104 animam:
596 2031 656 2104 cui
675 2029 814 2114 Numa,
834 2028 970 2115 Piscis,
989 2029 1054 2102 ait.

59 2143 181 2230 Risit;
201 2156 252 2218 et
269 2143 353 2231 His,
372 2145 506 2242 inquit,
525 2145 650 2230 facito,
670 2168 754 2217 mea
773 2143 848 2217 tela
865 2167 1056 2240 procures,

111 2258 145 2329 Ο
166 2258 221 2331 vir
237 2260 425 2356 colloquio
442 2285 517 2333 non
535 2259 721 2356 abigende
739 2282 836 2331 meo.

59 2373 140 2446 Sed
157 2373 239 2458 tibi,
258 2375 455 2471 protulerit
472 2400 588 2472 quum
607 2386 729 2448 totum
747 2373 934 2447 crastinus
952 2373 1083 2448 orbern

109 2488 311 2586 CynthiuS,
330 2490 476 2588 imperii
494 2490 650 2587 pignora
666 2500 769 2564 certa
786 2489 897 2562 dabo.
1031 2491 1105 2561 346

58 2602 181 2688 Dixit,
201 2616 239 2677 et
256 2605 398 2702 ingenti
416 2606 554 2679 tonitru
574 2631 688 2704 super
705 2606 845 2679 aethera
863 2616 1006 2678 motum

109 2718 255 2807 Fertur,
273 2723 491 2797 adorantem
508 2723 755 2821 destituitque
775 2721 951 2795 Numam.

89 2969 148 3018 337.
168 2971 278 3035 Ambage·
294 2970 325 3020 de
342 2970 458 3036 ambiguis
474 2980 499 3020 et
514 2972 556 3020 ob·
607 2987 663 3021 nere
675 2975 779 3034 pineum,
792 2970 839 3018 rid.
850 2970 881 3018 ad
892 2970 918 3018 ii.
928 2970 985 3018 578.

55 3042 132 3093 nuda
148 3044 295 3093 oraculorum
311 3045 388 3094 verbis
404 3045 462 3101 dici,
475 3054 555 3093 notum
639 3047 695 3094 346.
712 3046 815 3108 Pignora
827 3046 1030 3104 imperiturunera
1041 3040 1105 3088 Deo-

55 3126 109 3176 eat;
125 3119 159 3166 ir.
177 3115 240 3167 668:
259 3119 360 3168 Metam.
377 3119 488 3167 viatur.
522 3118 555 3166 At
606 3135 657 3167 rum
685 3119 777 3173 fatalia,
801 3132 900 3181 quorum
927 3112 1105 3162 conservatione

55 3191 98 3256 qni
118 3207 198 3240 rerum
220 3191 295 3249 abdit,
314 3192 434 3257 dubioque
455 3191 554 3241 alterurn
606 3190 751 3256 perpetuitas
765 3198 788 3236 et
799 3188 863 3236 salus
873 3186 965 3251 imperii
976 3184 1104 3234 nitebatur.

56 3274 128 3315 terret
147 3282 196 3322 ore,
213 3265 234 3315 is
253 3269 366 3331 ambages
383 3266 436 3315 illas
457 3283 503 3314 non
520 3281 555 3314 ra-
607 3266 663 3315 Vid.
681 3264 783 3312 Boacler.
799 3262 830 3309 de
849 3258 986 3326 pignoribus
1004 3256 1105 3321 imperii.

54 3346 144 3388 moret.
177 3339 317 3389 Obscuritaa
332 3355 395 3388 nunc
409 3348 460 3387 erat
475 3355 489 3387 a
502 3340 555 3387 bre-
605 3340 642 3386 Ea
662 3347 729 3387 erant
749 3335 884 3384 Palladium
905 3342 937 3390 et,
955 3331 1019 3397 quod
1040 3346 1103 3389 nunc

55 3414 141 3467 vitate.
150 3428 202 3478 qua
211 3414 306 3478 Jupiter
317 3414 402 3462 Numa
416 3413 555 3478 sapientiam
606 3410 756 3477 promittitur,
776 3417 869 3457 scutum
897 3408 1002 3456 coeleste.
1036 3405 1104 3453 Male

57 3487 273 3551 tentabat;itaque
283 3490 386 3552 ambages
394 3485 555 3535 circuitionem
606 3485 683 3533 Rutil.
701 3485 758 3532 ltin.
779 3482 804 3530 ii.
821 3485 861 3530 55.
883 3481 955 3529 libros
975 3479 1104 3544 Sibyllinos

55 3559 279 3625 interpretabimur;
305 3559 449 3625 colloquium
476 3567 555 3607 autern
606 3558 679 3608 addit.
724 3556 781 3604 Vid.
801 3554 952 3605 Werusdors.
974 3555 1034 3602 Era.
1056 3552 1105 3601 viii.

54 3632 125 3688 illud,
138 3643 236 3685 auctore
252 3633 389 3688 Plutarcho,
403 3634 437 3681 sic
455 3632 502 3681 fere
519 3633 554 3680 in·
605 3641 665 3680 extr.
697 3630 748 3686 Dii,
765 3629 861 3694 quando
880 3644 893 3676 e
912 3635 1041 3692 conspectu
1061 3626 1104 3674 bo-

55 3706 219 3756 comunimus
251 3709 276 3756 J.
287 3708 396 3756 Fulmina
406 3723 505 3772 procura
515 3722 555 3755 ca·
606 3705 695 3754 minum
711 3704 847 3759 avolabant,
860 3702 927 3766 sigua
939 3700 1048 3766 quadam
1060 3699 1102 3748 da-

54 3780 155 3844 pitibua.
181 3780 215 3828 N.
224 3783 382 3848 ceparumnel
409 3782 424 3829 J
429 3779 554 3828 ‚hominia
605 3781 662 3828 bant
679 3778 810 3827 divinitatis
827 3793 892 3837 suoe;
909 3776 987 3841 Heyn.
1004 3776 1102 3823 Excurs.

54 3853 89 3900 N.
100 3852 251 3902 crimbumel
276 3856 301 3903 J.
312 3852 427 3903 mundis.
455 3854 487 3901 N.
498 3869 554 3900 ma·
605 3851 1104 3917 xiii.adAEu.i.Jupiternuuccumtom'tra

52 3928 109 3976 nial
124 3927 148 3977 J.
159 3926 248 3982 ridens,
260 3927 305 3976 His
316 3927 396 3984 tacito,
406 3935 453 3976 etc.
472 3926 554 3991 Atque
605 3918 719 3976 aufertur.
752 3927 879 3974 Εοπιουενί
890 3923 978 3972 coelum
990 3937 1052 3986 saepe
1063 3920 1101 3968 dl·

54 4000 263 4052 tribnaillisrabus
270 4001 392 4051 Plutarchi
399 4001 477 4051 adhuc
484 4011 555 4050 etate
605 4002 675 4060 citur,
686 4011 712 4051 ut
728 4001 809 4050 multis
824 3999 894 4051 docet
908 3998 992 4047 Heius.
1026 3996 1102 4044 Desti-

52 4075 160 4124 Romaai
171 4076 339 4138 procurabant.
374 4077 412 4127 Da
423 4094 503 4135 mana,
514 4091 554 4141 ga·
606 4080 660 4135 tuit,
671 4076 773 4140 reliquit.

88 4147 166 4198 VOL.
177 4148 209 4197 V.
701 4148 722 4196 Τ
