2806 5018
355 348 616 419 PASTORUM
640 348 734 418 LIB.
757 347 807 413 11.
1071 353 1117 421 98

60 523 201 599 Cende
213 531 310 610 tuas,
327 520 548 620 Hymenaee,
560 521 684 612 laces;
706 533 745 599 et
762 523 810 596 ab
828 522 984 619 ignibus·
995 524 1089 601 atris

113 639 254 713 Aufer:
283 638 424 715 habeut
441 638 534 712 alias
552 649 688 711 masta
704 638 880 736 sepulcra
896 638 1023 715 faces.'

62 754 114 831 Dr
131 777 286 852 quoque
303 754 529 852 templorum
546 753 688 827 foribus
702 753 873 829 celentur
888 756 1051 853 opertia;
1111 767 1114 770 ’

112 869 213 944 Ture
230 882 366 948 vacent
383 893 474 957 arae3
504 879 684 964 stentque
702 867 785 942 siue
803 867 890 964 igne
907 868 995 945 foci.

63 984 177 1059 Nunc
196 985 330 1064 animae
347 995 495 1071 tenues,
515 995 556 1059 et
572 1008 732 1083 corpora
748 983 878 1059 functa
894 987 1078 1084 sepulcris

114 1101 273 1189 Errant;
303 1124 403 1176 nunc
422 1100 545 1198 posito
563 1099 731 1201 pascitur
745 1100 878 1173 umbra
895 1100 993 1179 cibo.
1039 1108 1112 1179 566

64 1217 101 1290 N
104 1242 148 1295 ec
161 1228 288 1295 tamen
299 1217 379 1293 haec
394 1216 505 1300 ultra,
518 1239 633 1312 quarn
648 1225 706 1288 tot
720 1214 768 1288 de
782 1239 912 1290 meuse
920 1218 1114 1315 supersint

114 1332 289 1418 Luciferi,
308 1343 404 1428 quot
421 1331 563 1405 habent
579 1331 746 1405 carmina
762 1342 891 1405 nostra
903 1333 1033 1431 pedes.

63 1447 187 1535 Hanc,
206 1448 298 1545 quia
310 1449 416 1543 justa
431 1445 568 1533 ferunt,
587 1446 719 1520 dixere
738 1445 885 1521 Feralia
901 1448 1046 1524 lucem:

114 1563 261 1637 Ultima
278 1563 473 1661 placandis
492 1562 672 1639 Manibus
691 1563 755 1635 illa
772 1563 867 1637 dies.
1038 1569 1112 1639 570

63 1677 166 1753 Ecce
185 1702 279 1751 anus
297 1677 336 1752 in
354 1679 488 1752 mediis
506 1680 676 1754 residens
694 1703 839 1754 annosa
856 1681 1005 1778 puellis,

114 1795 233 1869 Sacra
250 1794 340 1869 facit
356 1793 520 1870 Tacitae:
540 1797 603 1871 vix
622 1808 749 1870 tamen
767 1796 851 1894 ipsa
867 1805 990 1887 taeet;

62 1909 114 1984 Et
131 1910 260 2006 digitis
277 1909 350 1985 tria
366 1921 451 1983 tura
468 1911 587 1984 tribus
606 1913 676 1984 sub
694 1909 823 1984 limine
841 1910 960 2008 ponit,

111 2026 200 2111 Qua
216 2025 339 2100 brevis
357 2026 550 2100 occultum
568 2051 653 2100 mus
671 2026 743 2100 sibi
760 2025 851 2100 fecit
867 2025 951 2100 iter.

62 2141 161 2214 Tum
181 2150 334 2215 cantata
350 2140 444 2237 ligat
460 2166 547 2216 curn
562 2142 667 2216 lusco
686 2143 772 2216 licia
790 2143 969 2231 rhomb0;
1036 2148 1109 2219 575

113 2259 165 2333 Et
182 2269 329 2357 septem
347 2259 472 2355 nigras
491 2271 616 2336 versat
632 2261 671 2333 in
689 2284 752 2334 ore
771 2258 898 2332 fabas:

57 2562 155 2612 lunato
168 2562 241 2612 etiarn
259 2572 344 2612 statuae
361 2564 466 2613 Deorum
480 2563 505 2613 in
518 2564 561 2613 viis
611 2565 661 2622 cui,
674 2563 814 2614 nominatim
831 2562 936 2622 mortuis,
947 2563 1112 2629 quibuajarta

57 2651 139 2702 panno
151 2630 299 2694 velabantur,
309 2640 485 2701 templorumque
494 2637 561 2703 sores
611 2641 648 2689 vel
654 2642 721 2702 fieri,
732 2639 770 2687 vel
782 2641 839 2687 solui
849 2639 970 2688 dicuntur.

56 2709 243 2766 claudebantur,
263 2725 292 2758 ne
309 2710 351 2759 Dii
369 2710 483 2776 adspectu
500 2711 560 2760 tristi
643 2713 781 2762 571-616.
789 2714 851 2763 Cum
863 2714 986 2762 Feralibus
997 2713 1111 2777 coujunc-

57 2781 233 2848 polluercutur.
269 2783 435 2848 Cibua,epulae
446 2784 561 2833 Manibus
611 2795 716 2836 rasuera
730 2786 813 2834 Tacite
828 2785 930 2849 magica.
956 2786 994 2834 Ea
1010 2793 1111 2850 preerat

58 2855 187 2922 appositae.
610 2858 789 2924 compescendis
815 2858 989 2908 detrahentium
1016 2859 1112 2924 linguis.

91 2930 152 2979 567.
168 2930 245 2979 Locus
256 2930 319 2980 vane
335 2938 410 2979 tortus
420 2940 444 2980 et
455 2932 559 2998 explica·
610 2933 692 2982 Numa
703 2948 774 2981 uuam
785 2949 815 2981 ex
826 2932 950 2982 Camoenis
962 2932 1113 2998 peculiariter

58 3012 108 3053 tua.
130 3004 180 3052 Nee
191 3015 266 3053 umen
276 3006 403 3062 becultro,
414 3022 460 3054 non
471 3006 561 3055 diutius
610 3017 635 3057 et
646 3007 818 3073 religiosissime
830 3006 876 3055 coli
887 3006 970 3062 voluit,
982 3022 1054 3070 quam
1067 3007 1111 3054 Ta·

56 3079 559 3144 mmmdnenr,quamror,etc.quam
610 3085 679 3131 cirum
695 3081 835 3130 nominavit.
865 3080 987 3129 Plutarch.
999 3080 1073 3128 Num.
1085 3082 1111 3130 8.

57 3152 136 3201 donec
147 3160 183 3201 tot
191 3152 243 3201 dies
251 3152 377 3217 supersint.
394 3153 561 3217 vulganium
610 3157 651 3222 qui
669 3154 745 3210 addit,
756 3170 784 3202 eo
800 3153 921 3202 silentium
934 3150 1112 3216 Pythagoreum

57 3238 257 3290 rot-raperentur,
267 3228 407 3292 quodietot
418 3229 559 3294 dieasuper·
611 3245 662 3279 esse
683 3242 818 3294 expressum
839 3236 864 3276 et
885 3226 1031 3274 honoratum.
1063 3223 1112 3274 Sed

56 3311 123 3352 suut.
156 3301 259 3360 Feralia,
273 3300 325 3350 scil.
339 3301 447 3351 ultimam
461 3302 560 3368 placau-
611 3303 662 3351 haec
674 3310 751 3350 nostra
763 3300 858 3365 garrula
869 3301 899 3348 ab
911 3298 954 3347 illa
964 3298 1057 3346 diveraa
1067 3308 1113 3348 est.

57 3375 97 3425 dia
113 3373 230 3424 Manibus
246 3375 318 3432 diem,
335 3375 437 3424 collocat
453 3375 560 3424 Kalend.
611 3377 713 3426 Ovidius
720 3374 820 3440 primurn
828 3375 879 3439 ejus
887 3389 955 3422 sacra
964 3389 1023 3421 vers.
1030 3374 1112 3421 572-

59 3460 108 3500 ret.
125 3449 151 3498 iu
172 3450 215 3498 aii.
236 3449 344 3499 Kalend.
367 3451 441 3498 Mart.
459 3467 478 3498 s.
495 3449 561 3499 xviii.
612 3454 668 3501 582.
682 3460 731 3499 turn
743 3449 818 3515 ipsam
833 3447 962 3507 describit;
979 3447 1041 3495 conl.
1052 3463 1112 3512 quos

56 3524 130 3572 Febr.
159 3523 238 3582 Quem
255 3523 319 3572 diem
336 3525 355 3572 si
372 3540 436 3573 more
451 3523 562 3573 Romam
611 3526 736 3575 laudamus
754 3523 847 3573 adver.
863 3523 920 3573 599.
954 3521 1043 3578 Brevia,
1057 3537 1112 3588 par·

55 3595 130 3646 aimul
157 3612 276 3654 numeras,
297 3600 423 3664 supersunt
450 3598 561 3647 undecim
611 3617 662 3655 vus,
673 3599 783 3662 exiguus.

56 3672 146 3720 mesaia
157 3671 223 3730 dieu
241 3680 266 3721 et
276 3671 374 3720 totidem
390 3675 456 3734 pedes
471 3671 561 3720 habeut
643 3675 701 3723 575.
715 3674 827 3721 lllrombua
839 3670 863 3718 in
874 3672 944 3720 rebus
954 3669 1053 3734 magicis
1064 3679 1111 3719 tro·

55 3756 82 3794 ea
104 3743 158 3792 uec
178 3748 283 3794 earmina
304 3744 396 3794 Ovidii.
429 3745 515 3810 Itaque
536 3753 561 3793 et
611 3748 670 3796 chus
690 3755 749 3802 erat,
770 3763 812 3796 seu
832 3746 908 3802 turbo,
928 3745 969 3810 qui
992 3744 1112 3794 rotabatur

55 3817 251 3868 antecedentium
277 3819 367 3868 dierum
390 3819 488 3884 quidam
509 3818 561 3885 pla·
611 3825 679 3878 liciis,
700 3821 752 3869 scil.
774 3821 820 3868 filis
846 3836 909 3868 nunc
931 3819 1112 3867 versicoloribus

55 3892 141 3943 candia
151 3892 267 3942 Manibus
277 3894 350 3943 dicati
366 3894 453 3943 luerint
463 3909 560 3943 necesse
611 3896 693 3960 (Virg.
700 3894 752 3943 Ecl.
760 3893 808 3942 viii.
817 3894 872 3953 73.)
881 3910 943 3941 nuuc
950 3891 1021 3958 pullis
1030 3907 1112 3941 nexus.

54 3977 103 4018 est.
126 3967 172 4017 Sex
184 3966 259 4033 pedes
266 3968 485 4033 carminisintelligi
497 3983 561 4017 nunc
612 3970 736 4024 Amorum,
748 3969 770 4016 l.
784 3968 833 4016 viii.
847 3968 869 4015 7.
887 3968 917 4016 de
930 3982 1015 4031 maga:
1034 3965 1112 4015 “Scit

55 4057 106 4091 uon
124 4051 233 4106 possunt,
244 4050 271 4091 ut
286 4041 378 4091 Feralia
393 4042 442 4090 viii.
457 4039 562 4091 Kalend.
611 4044 681 4099 bene,
693 4041 750 4107 quid
762 4057 867 4106 gramen,
877 4041 935 4106 quid
946 4049 1007 4089 torto
1018 4038 1113 4087 concita

55 4116 135 4165 Mart.
152 4116 221 4165 linita
239 4115 296 4173 rint,
311 4116 563 4182 propterver.686et
612 4117 709 4167 rhombo
721 4115 813 4164 Licia.”
847 4115 894 4163 Sed
912 4123 935 4162 et
947 4113 1012 4177 vulg.
1020 4113 1111 4173 plumbo

55 4188 229 4240 Kalendae.
242 4189 506 4255 ruraquaedebenm
519 4189 561 4239 ali·
613 4192 691 4240 locum
713 4190 793 4247 habor,
815 4188 872 4253 quia
890 4197 914 4236 et
935 4185 1024 4252 plumbi
1051 4183 1112 4252 nigri
