2806 5018
171 371 216 437 ⁶2
463 363 503 431 Ρ.
526 361 689 431 otton
712 359 926 430 NASONIS

179 541 337 618 Saroula
352 539 574 625 cessabam
602 536 779 632 versique
795 535 836 609 in
852 533 931 632 pila
946 531 1108 628 ligones,

227 657 420 754 Factaque
438 655 486 728 de
504 652 612 729 rostri
631 651 799 750 pondere
815 648 936 725 eaesis
949 657 1045 722 erat.
1155 648 1222 718 700

177 773 311 848 Gratia
330 771 412 858 ors,
430 769 637 866 domuique
654 780 746 842 tuae:
774 767 933 864 religata
947 762 1096 839 eatenis

225 888 249 962 J
252 913 313 962 am
331 887 477 986 pridem
494 898 623 959 nostro
641 886 712 959 sub
729 885 829 983 pede
845 882 947 961 bella
959 882 1107 979 jacent.

178 1005 259 1078 Sub
272 1005 366 1100 juga
384 1002 453 1077 bos
470 1001 617 1089 veniat;
637 1001 709 1075 sub
727 1010 846 1075 terras
863 1020 995 1073 semen
1010 1005 1161 1070 aratus:

230 1118 313 1192 Pax
333 1117 510 1192 Cererem
529 1115 665 1191 nutrit:
695 1114 807 1191 Pacis
825 1115 977 1189 alumna
995 1112 1131 1186 Ceres.
1162 1106 1164 1111 ’

178 1235 251 1321 Ar,
271 1258 356 1332 quae
374 1246 550 1309 venturas
569 1231 761 1329 precedet
777 1242 888 1306 sexta
904 1228 1116 1313 Kalendas,
1156 1227 1223 1299 705

232 1349 314 1423 Hac
333 1363 421 1423 sunt
439 1349 585 1423 Ledaeis
603 1349 745 1446 templa
759 1347 887 1421 dicata
905 1345 1004 1418 Diis.

181 1466 374 1540 Fratribus
392 1464 457 1537 illa
475 1465 568 1538 Deis
584 1464 717 1539 fratres
733 1464 784 1538 de
802 1472 915 1560 gente
934 1461 1105 1534 Deorum

232 1581 345 1653 Circa
361 1578 384 1651 J
388 1591 531 1652 uturnae
549 1603 796 1678 composuere
812 1581 929 1652 lacus.

182 1694 314 1769 lesum
335 1719 404 1769 nos
421 1719 573 1769 carmen
589 1696 745 1769 deducit
763 1693 876 1768 Pacis
894 1693 942 1765 ad
960 1714 1087 1776 aram3
1141 1757 1150 1771 ,

233 1809 326 1884 Haeo
345 1811 416 1888 erit
433 1835 456 1884 a
474 1811 613 1888 mensis
631 1812 706 1885 line
723 1809 891 1885 secunda
908 1808 1003 1882 dies.
1160 1805 1229 1876 ⁷10

217 2050 355 2100 too-708.
367 2051 470 2099 Pollucis
483 2062 504 2101 et
518 2052 617 2101 Castoris
626 2063 681 2100 tem·
731 2051 793 2101 natis
799 2051 852 2099 Sat.
859 2049 878 2101 ἱ.
888 2051 945 2100 lla
954 2054 1095 2114 memmi,
1103 2053 1156 2097 Μ
1166 2057 1232 2092 uum·

181 2126 269 2189 plum]
284 2125 329 2175 VI.
340 2125 396 2173 Kal.
409 2124 476 2174 Febr.
489 2142 529 2174 an.
542 2126 574 2175 U.
585 2124 614 2175 C.
626 2127 682 2174 769.
733 2124 764 2171 mi
783 2124 904 2172 exhibent.
932 2120 989 2171 Vid.
1000 2119 1111 2170 Goltzius
1130 2116 1155 2166 in
1170 2117 1233 2180 Aug.

182 2198 292 2248 Tiberius
310 2198 416 2249 Castoris
435 2207 460 2246 et
481 2199 585 2247 Pollucis
606 2199 682 2248 sedern
733 2214 757 2263 p.
768 2196 819 2245 lvii.
832 2213 857 2244 n.
870 2198 909 2244 12.
936 2195 1039 2243 rideam
1050 2190 1231 2257 bisquotauni«,

181 2273 311 2329 dedicavit,
330 2272 442 2338 inscripto
460 2280 485 2321 et
505 2289 549 2322 suo
566 2283 590 2322 et
609 2272 683 2322 Drusi
733 2269 840 2320 Januarii
851 2279 876 2319 et
887 2268 969 2317 Martii
979 2264 1101 2316 tricesimo
1111 2264 1152 2314 die
1162 2262 1233 2312 ucri·

183 2345 261 2394 fratria
279 2345 372 2394 neruiue
382 2363 389 2406 ;
406 2346 462 2403 Dio,
481 2345 524 2394 lib.
539 2346 571 2395 lv.
586 2364 609 2412 p.
624 2347 682 2396 567.
734 2345 840 2394 deatum.
874 2343 938 2392 Vide
959 2339 1055 2390 omniuo
1075 2338 1185 2389 Fischer.
1203 2337 1233 2387 de

185 2416 272 2468 Confer
283 2417 447 2468 Consolatad
463 2418 684 2476 Liviam,ver.283
735 2421 786 2469 Ara
805 2417 884 2468 Pacis.
918 2417 981 2473 Heu,
1001 2430 1087 2480 nempe
1102 2429 1154 2479 qua
1169 2426 1234 2462 nera

185 2508 238 2558 sqq.
265 2491 321 2540 Furit
339 2491 399 2540 illud
420 2491 536 2558 templum
555 2492 586 2542 ad
605 2493 684 2543 laeum
734 2491 996 2542 liuntadaramillam.
1028 2486 1234 2551 Inveniam

185 2564 316 2614 latornum
327 2567 391 2629 (ver.
404 2567 473 2628 463.)
481 2566 506 2614 iu
517 2566 567 2615 loro
575 2567 685 2616 Romano
734 2583 773 2614 um
787 2582 886 2624 eunom,
898 2575 947 2614 ete.
961 2561 1100 2613 commodus
1114 2571 1140 2612 et
1155 2570 1233 2626 gratus

184 2655 258 2706 prope
269 2639 330 2689 Julii
341 2638 442 2688 Cereris
458 2639 589 2706 templum:
607 2640 642 2688 11.
654 2656 684 2690 ex
735 2640 854 2690 transitus.
876 2637 1172 2701 Victoriadctr'acoquum
1183 2644 1234 2684 tau·

184 2711 256 2762 Pout.
272 2712 297 2762 ii.
312 2715 344 2763 85
358 2730 402 2779 sq3
420 2714 545 2764 Suetonius
564 2715 628 2764 Cas.
647 2716 685 2765 10.
734 2714 789 2764 deur
800 2715 851 2763 orbi
858 2714 976 2770 Romano,
984 2711 1055 2761 bellis
1064 2708 1234 2776 coutinuispet

184 2785 279 2836 Ledeia.
318 2786 386 2834 Unus
413 2787 469 2836 MS.
496 2787 602 2844 huam,
621 2787 685 2837 unde
734 2787 804 2853 plura
825 2787 913 2837 secula
933 2786 1065 2853 profligato,
1079 2800 1165 2851 paoem
1183 2783 1236 2833 retl-

185 2861 270 2910 lleins.
278 2860 545 2928 Ledaieireonjieiebati
557 2862 600 2911 sed
612 2861 686 2912 forma
735 2861 843 2918 didisset,
852 2861 964 2928 preclare
976 2875 1039 2908 nunc
1050 2860 1103 2908 Pu
1108 2859 1235 2926 frondibus

186 2932 280 2982 Ledam
294 2933 352 2983 satie
369 2934 474 2993 usitata;
493 2934 589 2985 Consol.
600 2937 630 2984 ad
645 2936 686 2985 Li·
735 2933 774 2984 vel
782 2935 841 2984 olen
851 2935 890 2984 vel
901 2933 963 2983 lauri
971 2937 1039 2998 (uam
1050 2942 1154 2998 utreque
1164 2947 1235 2998 pact·

188 3004 261 3064 viam,
272 3009 336 3069 28&
354 3007 482 3065 Martialis,
494 3007 526 3056 iv.
537 3010 579 3059 oo.
594 3009 686 3059 ledeos
735 3002 777 3072 lin)
799 3009 887 3075 quibus
906 3019 960 3074 post
976 3008 1041 3057 illam
1057 3006 1184 3058 victoriam
1200 3023 1235 3057 or·

189 3080 354 3132 Lucentem
363 3083 487 3146 palestrae.
505 3083 685 3150 DagouteDeo·
736 3093 793 3133 nata
810 3094 870 3138 erat.
887 3082 970 3132 adesse
981 3082 1088 3147 jubetur.
1125 3080 1237 3131 Heinsius

186 3173 248 3214 mm,
260 3157 290 3205 de
305 3164 376 3222 gente
388 3157 507 3207 Cesarea.
533 3158 686 3220 cmprium,
737 3172 792 3207 uero
801 3155 913 3220 iutelligit
923 3154 1030 3204 frondem
1044 3155 1155 3204 lauream
1163 3153 1236 3220 opot-

186 3230 308 3296 ooujunoti
319 3246 426 3296 posuere.
454 3231 521 3280 Nove
531 3229 565 3280 sic
576 3231 676 3282 dicturo.
736 3229 780 3280 lini
799 3233 865 3281 Actio
885 3245 987 3279 sacram.
1018 3228 1058 3277 Sic
1079 3236 1105 3278 et
1125 3229 1236 3279 Irenriue.

219 3303 276 3353 709.
292 3305 342 3352 Ata
357 3304 446 3368 Pacis]
459 3308 520 3356 Arae
532 3314 622 3354 veteres
637 3313 685 3354 sta·
736 3305 871 3354 Bucherius
886 3303 1001 3360 malebat.
1008 3303 1137 3366 frondibus
1150 3303 1237 3358 Acteis,

187 3376 287 3425 tuebaut
298 3377 339 3432 rei,
347 3392 418 3441 quarn
429 3388 544 3444 cuperent
555 3378 687 3428 laudatam.
737 3378 889 3434 idest,olea.
922 3378 1010 3426 Genitos
1019 3377 1069 3442 jam
1080 3375 1236 3427 Oiolanam

186 3447 475 3515 Vidbipsiused‘lacit.
484 3452 534 3500 An.
543 3452 559 3501 i.
572 3455 609 3501 13.
629 3453 687 3502 Paci
737 3451 832 3519 optimis
842 3452 895 3501 eod.
906 3451 1005 3501 invexit.
1032 3452 1237 3500 Burmannoeuo·

188 3521 247 3571 De·
261 3522 312 3588 jem
323 3521 481 3571 Athenienses
496 3539 549 3572 arao
563 3539 685 3574 consecra·
738 3534 782 3582 tat,
809 3543 883 3582 aanor,
903 3525 966 3590 quod
989 3524 1075 3590 reliqui
1101 3525 1238 3589 preferant,

189 3601 259 3655 runt;
276 3594 318 3643 sed
333 3594 419 3646 Rom
437 3606 492 3645 ante
508 3595 610 3661 Augusti
628 3607 687 3647 tem·
737 3599 872 3649 diuturnam
884 3607 909 3648 et
919 3599 988 3664 quari
999 3607 1138 3665 perpetuam
1153 3612 1237 3664 pacem

190 3668 688 3734 poranullisluitmonumantishonestata.
738 3673 852 3723 iudicare.
885 3672 1082 3722 Mihiverocaua
1092 3672 1144 3720 Pax
1156 3687 1239 3738 perum

188 3744 224 3791 ra
235 3742 330 3791 tandein
342 3742 686 3812 imperantesenatuspopuli·
737 3746 835 3813 placet;
851 3762 928 3813 neque
943 3747 977 3797 sie
994 3747 1055 3796 bene
1072 3746 1239 3813 perpetuitatis

186 3830 233 3879 que
247 3816 315 3881 jussu
331 3833 374 3864 ora
392 3817 460 3864 Pacis
476 3816 553 3882 posita
571 3826 607 3866 est
625 3835 687 3868 anno
737 3821 852 3871 rationem
880 3829 950 3887 poeta
977 3820 1126 3886 expresserit.
1166 3821 1240 3867 Comei

189 3891 219 3938 U.
230 3890 259 3940 C.
276 3889 331 3936 741.
346 3889 384 3938 die
401 3888 433 3938 vi.
452 3890 506 3940 Non
524 3891 575 3939 Jul.
592 3890 617 3940 in
634 3892 687 3958 ipsa
737 3906 818 3944 contra
845 3895 927 3960 capilli
948 3894 1108 3943 venerandam
1136 3893 1240 3943 reddunt

187 3964 262 4012 curia.
299 3965 332 4013 Eo
349 3963 412 4012 euim
430 3982 492 4013 anno
507 3966 639 4031 Augustus,
649 3984 686 4017 re·
737 3966 822 4015 faciem
842 3968 933 4030 (Tibul.
946 3969 991 4017 IV.
1003 3967 1027 4016 ii.
1040 3968 1094 4031 10.)
1108 3978 1132 4016 et
1151 3983 1239 4016 eonve-

188 4038 232 4086 bus
241 4037 266 4085 in
275 4037 364 4094 Gallia,
373 4038 497 4104 Hispania,
509 4040 686 4107 Germaniaque
738 4042 805 4091 niunt
817 4043 853 4091 his
863 4045 1016 4092 solemnibus.
1052 4044 1157 4092 Possunt
1166 4042 1239 4092 etiam

187 4127 294 4177 prospere
311 4111 434 4168 conlectis,
453 4111 555 4162 Romam
574 4114 684 4164 redierat.
737 4117 809 4165 verba
824 4128 905 4166 contos
919 4121 1025 4166 redimita
1035 4135 1049 4167 e
1059 4118 1129 4184 eopia
1143 4117 1240 4184 poetica

187 4185 261 4236 Aram
271 4195 296 4235 et
307 4186 394 4235 Noster
405 4185 449 4235 lib.
460 4185 495 4236 iii.
508 4189 565 4237 882.
574 4199 598 4238 et
608 4190 624 4239 J
626 4206 682 4240 uue-
737 4190 803 4240 dieta
813 4207 863 4241 esse
873 4208 917 4258 pro
928 4209 975 4242 uuo
986 4204 1067 4241 comta.
1091 4193 1131 4241 lta
1141 4191 1240 4241 AEneid.
