2806 5018
178 314 251 381 aso
475 312 514 377 P.
538 311 699 378 OVIDII
723 311 933 379 NASONIS

179 488 341 562 Pectora
358 496 416 560 ter
433 487 567 584 tetigit,
586 498 643 560 ter
658 488 772 561 verba
789 486 954 561 salubria
968 485 1085 560 dixit:

229 602 454 701 Depositum
473 612 572 675 terra
590 603 742 676 sustulit
758 603 820 676 ille
839 613 966 700 caput.

179 718 304 794 Lucus
314 718 657 813 eum,nemorisque
665 718 732 805 tui,
747 717 950 816 Dictynna,
960 739 1131 791 recessus
1149 717 1217 788 755

230 833 361 908 Celat:
390 832 542 906 Aricino
560 833 711 907 Virbius
730 833 792 907 ille
811 833 907 906 lacu.

177 951 230 1024 At
248 947 455 1048 Clymenus
474 949 688 1046 Clothoque
705 948 847 1036 dolent,
866 948 960 1036 haec,
979 947 1044 1020 fila
1061 944 1193 1030 reneri,

229 1063 315 1151 Hic,
335 1063 414 1138 fieri
433 1064 535 1161 regni
549 1066 635 1161 jura
654 1064 796 1137 minora
814 1063 883 1136 sui.

177 1182 327 1280 Jupiter
343 1181 559 1279 exemplum
577 1179 728 1266 veritus,
748 1179 886 1253 direxit
903 1179 941 1251 in
959 1179 1065 1253 illurn

230 1297 413 1384 Fulmina,
432 1297 497 1393 qui
516 1296 638 1369 nimiae
658 1308 823 1390 moverat
840 1296 929 1369 artis
947 1319 1071 1393 opem.
1151 1297 1220 1367 760

178 1413 335 1500 Phoebe,
355 1413 582 1509 querebaris.
639 1411 744 1486 Deus
763 1422 840 1499 est3
869 1411 1018 1509 placare
1037 1408 1185 1508 parenti
1198 1412 1220 1481 :'

229 1527 388 1626 Propter
406 1537 456 1614 te,
476 1527 556 1599 fieri
575 1528 676 1624 quod
693 1537 806 1614 vetat,
827 1527 909 1625 ipse
926 1525 1028 1599 lacit.

179 1642 365 1739 Nouego
383 1652 432 1729 te,
449 1643 616 1740 quamvis
635 1642 852 1742 properabis
870 1641 1030 1727 vincere,
1048 1640 1191 1727 Caesar,

230 1759 271 1832 Si
289 1770 392 1833 vetet
408 1759 636 1858 auspicium,
648 1759 754 1856 signa
771 1782 918 1832 movere
936 1756 1060 1831 velim.

181 1876 266 1949 Sint
274 1874 343 1948 tibi
357 1872 562 1948 Flaminius
572 1874 867 1971 Trasimenaque
880 1874 989 1946 litora
1001 1875 1221 1958 resecatus

228 1989 303 2064 Per
319 1990 488 2064 volucres
506 2013 634 2087 aequos
653 1990 771 2064 multa
788 2013 939 2062 monere
957 1988 1063 2063 deos.

179 2105 365 2205 Tempora
380 2106 410 2179 si
428 2107 563 2179 veteris
583 2107 718 2202 quaeris
736 2106 931 2180 temeraria
950 2104 1100 2179 damni:

229 2221 394 2306 Quartus
412 2223 459 2294 ab
478 2233 646 2297 extremo
663 2247 792 2297 mense
810 2223 868 2296 bis
887 2221 1061 2295 illedies

181 2335 448 2409 Posruanlux
456 2336 600 2410 melior:
616 2348 766 2436 superat
775 2336 977 2411 Masinissa
985 2336 1220 2435 Syphacem3

231 2451 281 2524 Et
297 2450 433 2524 cecidit
450 2451 535 2524 telis
554 2449 767 2526 Hasdrubal
786 2453 867 2551 ipse
886 2452 975 2525 suis
1148 2455 1221 2525 770

213 2670 270 2719 tta.
289 2669 360 2717 Verba
380 2670 489 2726 wintrio,
506 2672 618 2730 carmina,
636 2672 671 2720 in·
723 2688 787 2729 ωτι,-
805 2670 898 2726 Livius,
910 2668 1124 2732 dictoloco,signa
1135 2667 1221 2715 masel-

180 2743 333 2800 rantationes,
343 2758 396 2807 qun
413 2743 518 2792 adhiberi
535 2746 642 2795 solebant
659 2762 673 2794 a
723 2748 775 2794 tere.
808 2744 936 2809 AEqrei‚dii,
948 2752 1006 2792 'sunt
1022 2742 1117 2807 propitii
1126 2760 1134 2802 ;
1151 2744 1222 2805 tarqui

179 2815 287 2872 medicis,
303 2825 330 2864 ut
346 2815 401 2864 alibi
414 2817 464 2880 jam
482 2826 599 2868 notatum.
633 2820 672 2868 De
722 2818 784 2869 irati.
817 2819 922 2866 Volucres
943 2816 1037 2865 omnino
1059 2816 1148 2871 omina,
1169 2831 1219 2880 pro

184 2891 259 2938 l'irbio
271 2900 295 2938 et
307 2892 400 2938 Aricino
415 2892 466 2938 heu
482 2890 515 2939 iii.
527 2893 583 2940 265.
618 2894 673 2956 cry·
723 2893 796 2958 digia.
819 2903 866 2941 etc.
900 2892 1043 2940 Temerarius
1064 2889 1115 2954 ipse
1136 2888 1221 2936 rumi-

181 2981 257 3013 πωπω
271 2964 361 3014 Gracia
377 2962 455 3012 dictus
471 2973 507 3012 est
524 2964 602 3020 Pluto,
615 2981 672 3029 qua·
723 2969 776 3016 nius
795 2976 819 3015 et
836 2982 851 3015 a
866 2966 933 3014 Livio
951 2973 975 3014 et
992 2980 1007 3012 a
1023 2964 1092 3011 Floro
1108 2971 1219 3012 vocatur:

181 3047 248 3086 tenua
265 3036 344 3086 omnia
360 3036 390 3085 ad
407 3046 523 3086 sevocat.
555 3038 594 3085 Ad
611 3039 673 3087 hunc
724 3041 804 3106 itaque
818 3041 905 3089 Noster
919 3039 991 3105 paulo
1007 3037 1089 3087 durius
1104 3039 1220 3085 lemnario

180 3113 251 3177 igitur
267 3112 385 3178 pertinent
399 3113 470 3160 verba
486 3113 541 3167 Hic,
548 3113 614 3174 fieri,
625 3122 673 3161 etc.
726 3127 833 3178 tempora.

180 3185 378 3252 quemadmodum
400 3185 431 3233 ad
455 3188 552 3235 Psrcnm
579 3196 673 3235 antece·
757 3189 812 3237 769.
839 3187 911 3236 V111.
932 3185 1049 3234 Kalendas
1066 3202 1130 3233 anna
1154 3184 1184 3232 U.
1195 3183 1220 3230 C.

181 3261 263 3309 dentia
272 3262 327 3319 hac,
331 3263 379 3324 filu
389 3264 472 3308 reneri.
725 3265 781 3311 550.
800 3263 890 3325 Syphax
906 3264 980 3309 uictus
1003 3269 1050 3318 est,
1071 3277 1134 3306 anna
1153 3258 1182 3305 U.
1193 3257 1220 3304 C.

214 3337 270 3384 760.
290 3337 336 3389 Qui
350 3337 432 3391 nimie,
448 3335 507 3397 etc]
525 3335 572 3392 Qui
590 3336 675 3383 nimius
724 3337 780 3384 546.
801 3336 934 3384 Hasdrubal
953 3335 1043 3382 cecidit.
1079 3331 1220 3397 Syphacem,

180 3412 257 3459 luerat
283 3410 308 3458 in
339 3417 388 3457 arte
417 3408 508 3456 medica
531 3408 674 3465 adhibenda,
724 3409 880 3458 Numidarum
903 3424 992 3473 regem,
1014 3405 1096 3471 Scipio
1117 3404 1220 3471 pluribus

181 3483 222 3549 qui
239 3492 354 3530 mortuum
373 3480 432 3529 adeo
449 3481 473 3529 in
491 3481 563 3530 vitam
579 3498 675 3531 revoca·
724 3483 812 3548 preliis
834 3483 900 3539 vicit,
922 3483 953 3530 ad
975 3489 1107 3530 extremum
1129 3495 1171 3543 per
1190 3479 1219 3528 C.

182 3566 255 3606 verat.
724 3557 824 3605 laelium
838 3567 862 3604 et
875 3557 1017 3604 Masinissam
1029 3552 1095 3618 cepit
1106 3571 1114 3611 ;
1132 3552 1218 3607 livius,

215 3632 363 3680 763-768.
393 3630 438 3679 ΙΧ.
464 3632 587 3688 liniendas,
614 3651 675 3680 uarro
724 3631 905 3679 urim-12.
927 3629 1068 3681 Hasdrubal,
1081 3623 1221 3674 Hannibalis

185 3707 215 3753 U.
223 3706 249 3752 C.
261 3707 316 3754 5³5.
327 3705 353 3752 C.
365 3704 492 3753 Flaminius
506 3724 548 3754 cos.
558 3709 588 3754 ud
600 3708 673 3754 lacum
724 3704 802 3759 frater,
814 3704 889 3751 rictus
898 3710 934 3750 est
944 3718 959 3749 a
975 3698 1077 3749 Claudio
1090 3700 1185 3747 Nerone
1199 3707 1222 3746 et

184 3780 346 3835 Trasimenum,
362 3781 441 3841 spretis
459 3783 565 3842 auspiciis
584 3791 605 3828 et
622 3797 674 3841 pra·
724 3779 761 3826 M.
778 3779 862 3836 Livio;
882 3784 899 3806 ⁴³
916 3776 1047 3829 Postremo,
1064 3789 1140 3837 quum
1159 3771 1222 3819 hand

180 3857 256 3919 digiis,
267 3856 362 3902 cecidit:
379 3852 433 3901 ride
449 3853 549 3911 Livium,
560 3854 616 3902 xxii.
627 3856 638 3900 l
651 3863 675 3902 et
724 3851 795 3901 dubie
806 3850 1006 3900 sortuuahostium
1018 3856 1090 3903 esset,
1099 3863 1128 3894 ne
1140 3861 1222 3911 snper·

180 3931 211 3986 ³,
228 3927 331 3982 Flomrn,
348 3926 382 3974 ll.
399 3925 430 3974 vi.
450 3929 492 3975 lt:
513 3927 633 3976 Plutarch.
650 3928 674 3975 in
724 3935 785 3974 esset
809 3935 875 3973 tanto
902 3921 1015 3973 exercitui
1041 3937 1111 3969 sunm
1138 3934 1224 3967 nomen

181 4002 262 4056 Fabio,
274 4003 298 4048 2.
320 4000 394 4048 Carae
405 4001 561 4050 Germanicus
572 3999 674 4064 intellig.
724 4009 812 4055 secuto,
823 4000 940 4048 concitato
951 4013 1012 4062 equo
1024 4011 1050 4043 se
1064 3994 1089 4043 in
1103 3993 1223 4042 cohortem

183 4076 285 4132 Vincere,
294 4074 483 4140 blandiusquam
493 4074 599 4140 praelium
610 4090 673 4122 corn-
726 4075 856 4122 Ramanam
883 4071 987 4121 immisit.
1028 4067 1075 4123 Ibi,
1104 4078 1131 4115 ut
1158 4077 1224 4132 pstre

179 4149 281 4199 mittere.
314 4149 488 4214 Sigaamouere,
501 4157 525 4197 ut
538 4157 612 4196 castra
627 4167 672 4194 ma·
725 4149 859 4197 llamilcare
884 4157 909 4195 et
930 4144 1048 4194 Annibale
1074 4143 1146 4191 tratre
1170 4141 1223 4204 dig·
