2806 5018
179 347 244 413 232
466 343 504 406 Ρ.
529 341 690 407 OVlDll
715 339 926 405 NASONIS

180 518 454 611 Mutantesque
471 515 625 587 domum
642 515 753 588 tectis
771 512 997 608 agrestibus,
1016 511 1142 608 ignem

230 630 282 704 Et
298 640 500 703 cessaturae
518 630 761 727 supposuisse
778 653 899 715 casae3
1152 629 1209 699 aot

179 746 255 820 Per
271 745 441 818 flammas
460 744 617 817 saluisse
636 767 773 841 pecus;
804 743 961 816 saluisse
979 743 1154 830 colonos;

229 859 339 943 Quod
357 861 400 932 fit
418 858 530 932 natali
551 883 649 931 nunc
669 881 833 955 quoque,
855 856 990 943 Roma,
1010 867 1089 931 tuo.

178 974 268 1072 Ipse
286 976 390 1049 locus
408 999 542 1048 causas
560 975 635 1047 vati
653 973 763 1048 lacit:
794 973 895 1046 urbis
913 973 1021 1068 origo

227 1089 363 1163 Venit:
393 1090 482 1164 ades
500 1089 624 1173 factis,
645 1111 779 1183 magne
798 1086 965 1173 Quirine,
984 1086 1075 1161 tuis.

175 1203 199 1276 J
202 1228 262 1277 am
280 1205 402 1278 luerat
419 1230 547 1303 poenas
565 1205 677 1278 frater
696 1204 732 1277 N
735 1205 925 1291 umitoris3
955 1215 995 1277 et
1012 1226 1126 1276 omne

229 1319 429 1392 Pastorum
447 1320 597 1414 gemino
615 1320 686 1392 sub
705 1321 802 1393 duce
819 1319 952 1414 vulgus
969 1330 1064 1392 erat.
1150 1321 1209 1389 810

178 1434 412 1508 Contrahere
430 1446 608 1530 agrestes
628 1446 667 1509 et
684 1435 821 1508 moenia
839 1458 979 1532 ponere
997 1435 1148 1532 utrique

228 1549 437 1622 Convenit:
467 1551 680 1646 ambigitur,
700 1550 836 1622 moeuia
853 1562 969 1647 ponat
985 1561 1083 1623 uter.

178 1660 243 1733 Nil
261 1686 355 1759 opus
374 1674 444 1749 est,
464 1664 574 1749 dixit,
592 1666 809 1751 certamine,
830 1664 1029 1751 Romulus,
1050 1665 1138 1738 ullo.

227 1775 369 1870 Magna
387 1778 479 1852 fides
499 1780 621 1852 avium
639 1790 718 1854 est:
747 1780 985 1878 experiamur
1001 1803 1105 1853 aves.

176 2043 235 2078 catu
251 2029 358 2077 venimus
374 2028 398 2076 in
416 2029 479 2076 hunc
497 2027 584 2084 locum,
601 2036 628 2076 ut
643 2028 673 2076 de
724 2028 778 2076 vitu
797 2042 926 2076 convocare
935 2026 963 2087 ;'’
986 2026 1066 2075 Cicer.
1083 2024 1178 2075 Taecnl.
1191 2040 1210 2069 r.

175 2101 249 2151 initiis
262 2102 327 2150 urbis
341 2102 459 2167 agendum
474 2101 513 2151 sit.
548 2102 623 2150 Immo
637 2118 674 2150 or·
723 2104 754 2161 ²5
772 2111 813 2150 aut
823 2109 839 2130 '¹
849 2100 967 2166 dispersos
981 2098 1092 2149 homines
1109 2097 1210 2148 nnumin

174 2175 231 2224 dine
250 2192 326 2225 rerum
346 2176 369 2224 in
387 2175 454 2223 illum
474 2176 552 2223 locum
571 2176 673 2224 deduce·
723 2176 801 2223 locum
819 2175 995 2239 congregare;”
1019 2174 1089 2223 Orat.
1107 2174 1124 2223 i.
1142 2190 1165 2221 n.
1178 2171 1212 2219 31

175 2251 254 2298 batur.
725 2249 843 2303 Convenit,
865 2246 996 2312 complacet
1016 2261 1047 2295 ex
1069 2255 1150 2312 pacto.
1180 2244 1212 2292 oe

209 2323 348 2370 807-86‘2.
367 2323 458 2371 lt'arulu
474 2323 561 2385 urta]
581 2323 627 2369 Hic
642 2322 672 2370 de
722 2321 815 2383 syntaxi
833 2320 882 2369 vid.
898 2319 982 2368 Heius.
998 2329 1025 2368 et
1044 2321 1173 2369 Burmann.
1186 2317 1213 2367 ed

180 2395 253 2444 muris
264 2395 345 2459 positis
355 2405 379 2442 et
390 2395 460 2442 Remi
471 2395 574 2443 interitu.
593 2396 674 2444 Poertur
722 2392 824 2441 Remea.
841 2394 921 2442 Amor.
936 2394 994 2441 471.
1030 2393 1084 2442 Nisi
1109 2395 1152 2443 lroe
1168 2392 1213 2441 loeo

177 2467 268 2516 Amulii
276 2468 327 2531 jam
338 2467 416 2531 attigit
426 2475 496 2532 poeta
506 2466 540 2516 iii.
551 2469 582 2516 67
593 2487 598 2525 ;
610 2485 672 2518 nunc
722 2466 958 2539 malisperconducit
964 2466 1123 2531 interpretari.
1137 2467 1213 2515 unt·

176 2540 279 2589 festinat.
313 2541 351 2587 De
363 2540 460 2588 Romuli
472 2540 591 2604 Remique
606 2541 672 2590 dissi-
721 2550 791 2602 portur
802 2550 933 2604 agnoscunt
943 2540 1054 2597 Ursinus,
1063 2541 1214 2589 Petarianet

177 2613 223 2663 diis
245 2622 317 2676 atque
338 2612 408 2676 hujus
429 2628 495 2669 nece,
516 2614 585 2662 verita
607 2625 673 2664 erant
724 2613 790 2661 multi
799 2612 855 2674 alii;
867 2612 945 2662 ceteri
953 2615 1045 2662 nornine
1052 2624 1132 2675 pont.
1146 2614 1215 2662 Dubi-

175 2687 335 2735 Romanorum
362 2687 507 2743 traditiones,
525 2703 585 2752 quas
609 2689 671 2753 apud
724 2697 772 2735 tare
783 2688 866 2752 possis,
876 2697 954 2736 utrum
965 2687 1052 2736 retius.
1062 2688 1154 2744 Livius,
1165 2688 1213 2735 id:

176 2759 319 2823 Dionysium
339 2760 462 2810 Halicarn.
481 2762 498 2809 i.
518 2764 557 2811 85.
579 2763 672 2811 Plutar-
720 2762 865 2818 “Quoniam
878 2761 965 2825 gemini
982 2772 1127 2818 essentnec
1142 2762 1211 2811 etadr

176 2835 248 2883 chum
262 2833 504 2899 Vit.Rom.9sq.et
519 2837 621 2899 reliquos
636 2852 672 2884 re·
722 2835 863 2883 verecundia
883 2835 1010 2883 discrimen
1036 2835 1115 2884 facere
1134 2844 1212 2900 ponet,

176 2923 227 2955 rum
255 2906 415 2955 Romanarum
443 2908 566 2972 scriptores
591 2909 673 2957 habes.
721 2917 747 2955 ut
759 2909 807 2962 Dii,
818 2923 918 2971 quorum
930 2907 1011 2956 tutelas
1028 2923 1057 2956 ea
1070 2909 1125 2956 loca
1137 2917 1214 2961 artent,

176 2980 311 3029 Admodum
322 2981 434 3030 credibile
446 2991 491 3038 est,
504 2982 566 3046 quod
581 2983 672 3046 Diony·
722 2981 825 3042 auguriis
846 2981 959 3044 legerent.
980 2981 1022 3043 qui
1045 2997 1132 3030 nomen
1155 2996 1213 3029 nort

175 3056 224 3104 siun
245 3055 325 3110 tradit,
342 3055 518 3103 multitudinem
537 3072 628 3105 omnem
649 3057 673 3104 in
722 3054 773 3102 urbi
789 3055 864 3111 daret,
875 3055 916 3118 qui
933 3054 1052 3102 conditam
1070 3055 1169 3120 imperio
1183 3070 1214 3101 re·

176 3129 236 3178 duas
256 3128 355 3177 divisam
377 3128 448 3178 luisse
466 3139 551 3194 partes,
571 3146 669 3193 quarum
720 3129 810 3191 gerct.'’
828 3129 964 3192 Dionysius,
976 3128 993 3175 i.
1001 3129 1048 3176 85:
1060 3130 1214 3192 ambigebant,

175 3203 250 3252 altera
271 3204 400 3251 Romulum
419 3203 503 3251 ducem
526 3213 669 3267 sequeretur,
722 3200 843 3266 ὁποτέρου
854 3202 902 3264 χρὴ
915 3203 964 3260 τὴν
975 3201 1097 3251 ἀποικίαν
1107 3202 1214 3267 λέγεσθαι

176 3276 379 3335 alteraRemum5
396 3276 451 3324 hinc
468 3286 492 3323 et
510 3277 604 3325 fratrum
622 3277 672 3325 ani·
719 3277 761 3323 rol
777 3277 825 3335 τὴν
849 3275 986 3340 ἡγεμονίαν
1007 3276 1082 3325 εἶναι.
1116 3276 1213 3324 Ennius:

175 3366 226 3398 mos
243 3349 381 3398 dissociatos
399 3365 457 3405 esse,
477 3366 603 3414 eorumque
624 3351 671 3399 dis·
721 3356 736 3377 “
749 3350 887 3404 Certabant,
910 3351 992 3397 urbem
1014 3349 1150 3399 Romamne
1171 3349 1213 3397 Re·

174 3423 235 3472 sidia
256 3423 355 3470 maxime
376 3424 488 3486 patuisse,
509 3439 583 3487 quum
605 3424 671 3471 locus
720 3423 958 3472 mamnerocarent.''
977 3424 1214 3474 Nauciorsaumit

176 3495 366 3545 urbicondendae
383 3506 533 3558 quareretur.
569 3498 671 3545 Pastorer
717 3497 770 3562 jure
791 3498 929 3561 praelertur;
954 3497 994 3544 ubi
1016 3497 1081 3545 euim
1104 3498 1214 3547 Romulus

174 3579 308 3619 constanter
318 3568 385 3632 primi
397 3568 479 3616 Romae
490 3569 574 3618 incola
584 3586 669 3618 rocan·
721 3570 786 3626 vicit,
806 3579 861 3630 opta
885 3573 932 3618 dier
954 3572 1050 3635 legitur,
1073 3590 1120 3633 qua
1141 3573 1215 3621 mla

174 3654 221 3699 tur,
240 3642 326 3706 quibus
343 3657 405 3694 mox.
424 3643 488 3704 asylo
508 3653 596 3707 aperto,
615 3660 669 3693 cou-
719 3647 792 3708 signer
804 3653 890 3698 aratro,
902 3659 949 3693 rer.
960 3645 1017 3692 819.

176 3733 242 3766 rena
259 3726 422 3774 accesseruut5
439 3715 529 3772 Livius,
549 3718 573 3766 ii.
587 3722 607 3767 l.
640 3720 671 3766 Et
754 3719 809 3765 8l3.
834 3718 873 3765 Ab
895 3733 939 3764 nvo
960 3717 1086 3774 admoniti,
1110 3715 1217 3782 auspiciis

175 3800 227 3840 erat
237 3790 300 3853 ragio
311 3789 353 3837 illa
368 3790 500 3853 pastoribus
509 3791 614 3857 inprimis
628 3809 669 3857 op·
721 3808 769 3839 rem
791 3790 948 3840 dirimendam
969 3793 1120 3841 committere
1141 3792 1217 3839 volue-

175 3874 290 3930 portuna;
310 3863 447 3927 Dionysius,
459 3864 483 3911 ii.
494 3867 518 3912 2.
541 3867 670 3913 Zuliclrem.
720 3874 790 3922 runt;
808 3864 909 3928 Dionys.
931 3864 995 3912 dicto
1014 3865 1076 3913 loco.
1112 3866 1218 3927 Erprerie·

172 3941 284 4002 partorir5
302 3936 355 3985 hinc
375 3937 455 3986 lleins.
466 3939 558 3996 suadet,
572 3951 671 4002 pastores
720 3957 780 3993 mur,
792 3939 959 3997 consulamus;
972 3939 1072 3995 Plinius,
1083 3941 1174 4004 ILEp.
1182 3956 1220 3988 xx.

174 4022 282 4060 -eraut
720 4016 747 4060 4:
766 4014 890 4077 haruspex,
903 4019 918 4040 ‘⁴
930 4028 1000 4076 quem
1016 4029 1069 4062 sum
1088 4014 1220 4078 frequenter

207 4088 264 4136 tlt.
280 4084 328 4143 Qui
341 4088 410 4134 urbes
420 4086 533 4143 condunt,
544 4102 623 4134 eorum
634 4097 670 4134 est
719 4087 854 4152 expertus.”
893 4089 1020 4134 Auentinae
1042 4089 1073 4136 ab
1095 4104 1126 4137 eo
1145 4089 1221 4136 dictus

175 4159 324 4225 “dissipatos
350 4161 455 4210 homines
481 4161 504 4209 in
532 4160 668 4209 societatem
721 4160 841 4215 Remuria,
854 4171 903 4216 aut,
915 4169 941 4208 ut
952 4160 1031 4209 Graeci
1044 4161 1154 4210 scribunt
1162 4160 1221 4211 'Pu-
