2806 5018
360 353 618 421 FASTORUM
642 356 732 422 LIB.
756 356 817 422 VI.
1041 361 1107 427 845

59 522 166 598 Rure
182 526 300 624 dapes
318 537 426 625 parat
441 529 504 603 ille
522 553 610 619 suo;
639 532 863 629 turbamque
880 554 1055 609 canoram

106 640 323 717 Convocat:
352 644 400 717 ad
418 641 532 718 festas
550 645 724 720 convenit
741 646 805 720 illa
820 646 951 746 dapes.

56 754 145 831 Nox
162 768 262 848 erat3
288 769 327 833 et
343 759 438 833 vinis
455 761 628 857 oculique
648 763 838 859 animique
855 764 1047 850 natabant,

105 871 233 958 Quum
251 876 536 973 praecomposito
554 877 704 949 nuntius
722 900 785 952 ore
803 878 926 954 venit:

54 988 183 1087 Atque
200 989 263 1076 ita,
284 989 384 1074 Quid
402 1014 529 1064 cessas
548 991 714 1065 convivia
732 993 900 1067 solvere?
926 993 1024 1068 dixit
1034 1023 1044 1082 ;

104 1104 247 1179 Auctor
264 1106 437 1180 vindicte
451 1109 530 1204 jam
547 1107 659 1194 venit,
679 1131 781 1193 ecce,
801 1119 889 1182 tuae.
1022 1114 1095 1183 676

55 1217 139 1295 Nec
156 1245 280 1313 mora:
308 1221 471 1296 convivae
487 1222 611 1297 valido
628 1222 828 1297 titubantia
843 1224 928 1296 vino
997 1225 1095 1321 [des.

104 1335 278 1411 Membra
295 1347 465 1426 morent;
493 1337 599 1410 dubii
615 1339 1014 1437 stantque‘labantque
1031 1364 1097 1439 pe-

52 1451 106 1525 At
122 1453 307 1540 dominus,
325 1453 531 1542 Disceditc,
548 1455 621 1543 eit3
648 1456 890 1553 plaustroque
908 1466 1097 1531 morantes

107 1568 288 1643 Sustulit:
317 1569 355 1642 in
374 1569 539 1668 plaustro
557 1570 680 1668 sirpea
698 1571 774 1645 lata
790 1570 873 1645 luit.
1025 1575 1099 1647 680

51 1682 237 1756 Alliciunt
254 1707 405 1759 somnos
422 1695 584 1783 tempus,
603 1696 816 1784 motusque,
836 1711 1079 1785 merumque;

107 1799 280 1897 Potaque
297 1825 339 1875 se
353 1801 468 1875 Tibur
485 1803 596 1876 turba
612 1803 732 1879 redire
751 1814 873 1902 putat.

50 1913 78 1988 J
81 1937 218 2013 amque
230 1939 297 2015 per
309 1915 501 2016 Esquilias
511 1918 723 1994 Romanam
736 1920 938 1994 intraverat
948 1921 1096 2010 urbem3

106 2027 158 2104 Et
174 2056 283 2106 mane
301 2033 339 2107 in
356 2034 481 2109 medio
498 2035 666 2133 plaustra
681 2034 784 2109 luere
802 2034 892 2108 foro.

50 2144 239 2228 Plautius.
258 2157 301 2220 ut
317 2161 472 2246 possent
489 2149 616 2247 specie
633 2172 866 2244 numeroque
883 2158 1055 2221 senatum

104 2259 261 2364 Fallere,
281 2263 449 2360 personis
467 2263 627 2361 imperat
643 2287 708 2336 ora
724 2263 821 2358 tegi3
1022 2266 1094 2336 686

47 2481 93 2548 qui
114 2481 236 2532 ncrifleiia
255 2482 403 2548 praecineret.
436 2486 494 2550 Ejus
513 2487 547 2536 rei
597 2485 696 2537 busdam
703 2503 711 2548 ς
726 2486 769 2536 aed
779 2485 891 2536 Heinsius
901 2485 985 2543 nescit,
995 2502 1026 2535 au
1037 2487 1096 2536 aub-

46 2555 134 2620 religio
157 2556 233 2606 tenuit
256 2565 381 2618 renatum,
411 2559 547 2624 legatosque
596 2560 697 2610 stautive
715 2568 830 2610 oeeunat.
863 2561 902 2610 De
919 2563 1003 2623 scirpea
1019 2559 1096 2610 Varro

46 2629 126 2679 Tibur
139 2631 260 2687 miserunt,
271 2639 298 2680 ut
310 2631 394 2680 darem
406 2648 510 2698 operam,
522 2643 548 2682 ut
597 2634 627 2683 de
645 2634 714 2699 ling.
727 2633 780 2682 Lat.
793 2632 830 2683 iv:
848 2640 929 2698 “quar
946 2632 1018 2700 virgis
1034 2633 1096 2699 sipr-

46 2703 75 2753 bi
90 2703 198 2753 hominen
208 2705 323 2754 Romanis
341 2705 547 2758 restituerentur.”
597 2717 643 2764 tur,
659 2707 684 2757 id
703 2716 740 2757 eat
759 2706 893 2773 colligendo
911 2705 1053 2772 implicatur,
1072 2707 1097 2756 in

46 2779 113 2829 Tum
126 2778 252 2835 Tiburtini,
266 2778 319 2828 aliis
337 2779 424 2828 frustra
442 2780 547 2839 tentatis,
597 2797 646 2847 qua
663 2790 755 2831 stercus
773 2781 868 2831 aliudve
887 2780 945 2846 quid
961 2779 1097 2830 evehitur.''

46 2851 158 2901 homines
172 2852 226 2901 rino
241 2861 349 2902 oneratos
363 2853 466 2918 sopiunt,
477 2865 548 2922 utque
598 2854 720 2922 Seirpeam
747 2854 818 2919 igitur
839 2854 950 2904 Heinsius
972 2854 1013 2911 ait,
1033 2870 1096 2903 nune

46 2925 85 2974 ita
101 2924 127 2975 in
141 2925 249 2990 plausus
263 2926 381 2991 conjectos
392 2927 493 2976 Romam
506 2927 548 2979 de·
600 2930 703 2995 plaustro
717 2927 893 2978 iustemendam
908 2926 988 2985 tuisse,
999 2944 1029 2976 ne
1044 2944 1098 2977 vee-

47 3007 154 3064 portaut.
185 2999 233 3048 Sed
247 2999 319 3049 etium
329 3000 471 3050 Plutarchus
485 3001 549 3052 dieto
599 3011 660 3052 tores
679 3012 758 3052 errent
773 3000 902 3067 conspicui,
913 3008 938 3050 et
953 3009 980 3050 ut
994 3015 1096 3050 eommo-

47 3072 446 3139 loooidadhuminemquemdam
459 3074 548 3126 liberti·
598 3075 653 3125 diua
661 3083 794 3125 sterterent.
826 3071 1096 3138 Plutarcb.notntdpd

47 3163 108 3196 num
117 3148 200 3197 refert:
216 3147 549 3215 'Avrlpdartllrddepocrpu'rpo
599 3149 643 3206 ξος
665 3146 756 3213 dippeus
780 3147 863 3211 κύκλῳ
885 3144 1095 3212 περικαλυπτομέ-

47 3223 104 3280 τοῖς
116 3221 238 3286 ἄρχουσιν
251 3222 418 3289 ὅπηγγείλατο
435 3222 549 3279 κατάξειν
598 3239 654 3280 νος,
671 3222 777 3287 plaustra
793 3220 895 3286 pellibus
912 3218 1096 3284 circumquaque

48 3293 152 3354 οὖτοῦς.
186 3297 270 3359 antr,
286 3296 369 3361 epulas
389 3304 441 3362 post
461 3297 548 3346 sacriti-
598 3297 702 3345 obtecta.
736 3295 775 3344 Sic
796 3293 912 3360 deportati
936 3302 1001 3349 sunt,
1022 3299 1095 3342 “uec

47 3367 128 3428 eium3
148 3368 302 3419 Plutarchus:
319 3369 411 3430 θοίνην
427 3370 546 3433 ἄφθονον,
598 3370 663 3435 prius
677 3385 778 3426 sensere,
789 3384 870 3433 quaru,
881 3366 991 3434 plaustris
1005 3367 1030 3416 in
1046 3367 1095 3416 soro

48 3440 199 3502 ὥςτεθντῶς
207 3444 284 3502 θεοῖς.
598 3443 694 3498 relictis,
701 3442 782 3507 plenos
790 3439 989 3506 crapuloeeoslur
1000 3456 1095 3507 oppres·

80 3515 137 3565 676.
155 3518 241 3565 Auctor
252 3519 356 3566 studim
368 3525 548 3581 tne,patrouua,
598 3515 643 3575 ait,
661 3517 750 3566 Livius.

48 3589 316 3655 quitepcrvindictam
327 3589 545 3650 manumisit;Plu-
626 3591 682 3640 685.
718 3590 825 3638 Plautius
853 3595 889 3636 est
916 3602 929 3634 e
957 3587 1093 3652 conjectura

47 3661 208 3720 territando
225 3665 269 3712 τοῦ
286 3662 418 3727 πάτρωνος
433 3663 545 3722 ἐπιόντος
597 3663 683 3728 Pighii,
709 3665 807 3727 probata
836 3661 908 3711 etiam
935 3660 1041 3719 Heinsio,
1068 3673 1095 3712 ut

48 3735 129 3799 αὐτῷ.
166 3735 273 3785 Vindicta
279 3744 304 3785 et
310 3736 367 3785 alibi
376 3752 418 3801 pro
428 3736 545 3786 libertate.
594 3737 703 3786 Plautius
719 3735 821 3801 intellig.
831 3734 924 3799 collega
932 3734 1006 3800 Appii
1020 3734 1094 3784 Clau-

80 3810 138 3857 660.
158 3809 253 3872 Sirpeu,
275 3809 309 3859 rie
329 3809 464 3859 emendavit
480 3811 545 3860 Nea·
594 3810 636 3868 dii,
652 3811 692 3876 qui
712 3826 806 3877 operam
825 3808 924 3866 dederit,
940 3819 966 3858 ut
985 3807 1094 3858 tibicines

47 3881 107 3947 polin
115 3901 124 3940 ,-
144 3885 240 3942 sirpeam
254 3883 316 3932 enim
331 3883 465 3948 essequod
478 3883 545 3932 colli·
594 3886 783 3934 restituerentur:
809 3882 866 3932 olim
886 3882 999 3931 edebatur
1022 3881 1092 3930 Glau-

46 3965 130 4018 gaium
151 3956 190 4013 tit,
210 3959 240 4007 τὸ
266 3956 374 4023 πλέγμα,
395 3967 420 4005 et
443 3956 544 4022 intelligi
594 3962 655 4008 dtur.
688 3958 816 4023 Sequentia
828 3958 921 4015 docent,
933 3955 1044 4007 Ovidium
1055 3971 1091 4004 se·

46 4029 194 4092 tegiticulam
221 4046 234 4079 e
261 4031 346 4080 vimine
374 4039 472 4087 textam,
495 4046 544 4096 qur
593 4030 1088 4093 cutumesseauctorem,secundumquem

45 4103 177 4168 planstrum
198 4104 383 4154 circumdetum:
415 4113 486 4171 utque
507 4120 544 4154 re·
594 4104 704 4155 tibicines
720 4114 789 4156 caute
804 4104 889 4155 fuerint
903 4101 1039 4157 reducendi,
1051 4101 1088 4148 in-

45 4184 192 4299 ”ndacii
208 4179 251 4229 hoc
266 4180 350 4231 vocab.
362 4178 388 4228 in
403 4180 474 4228 MSS.
492 4178 544 4243 qui·
595 4178 723 4298 sciootiapr
732 4190 829 4228 senatu:
847 4177 914 4228 aliter
930 4191 985 4226 sane
996 4174 1088 4223 Livius.

192 4286 200 4301 ·
730 4267 745 4313 5
