2806 5018
628 699 780 801 NUX‚

548 930 858 1006 ELEGIA·.

604 1195 799 1247 -4—

177 1405 311 1506 NUX
327 1458 398 1530 ego
413 1436 548 1532 juncta
556 1438 637 1524 viae,
652 1462 770 1535 quum
781 1438 852 1510 sim
863 1436 944 1509 sine
957 1434 1219 1525 crimine'vitoe,

229 1548 263 1619 A
280 1549 421 1648 populo
438 1551 540 1624 saxis
559 1562 807 1651 praetereunte
825 1561 945 1650 petor.

176 1661 351 1737 Obruere
367 1663 440 1737 ista
457 1666 553 1739 solet
570 1667 787 1741 manifestos
806 1690 919 1765 poena
935 1677 1128 1753 nocentes,

230 1776 391 1852 Publica
408 1804 525 1877 quum
543 1780 685 1855 lentam
702 1806 777 1854 non
795 1782 897 1880 capit
911 1782 964 1855 ira
977 1805 1131 1855 moram.

175 1891 245 1966 Nil
263 1916 334 1989 ego
348 1895 524 1992 peccavi3
555 1897 627 1970 nisi
645 1898 676 1970 si
695 1921 853 1995 peccare
871 1908 1036 1984 vocatur,
1197 1900 1221 1970 5

229 2008 368 2082 Annua
384 2011 517 2084 cultori
536 2037 648 2110 poma
665 2013 801 2088 referre
819 2037 900 2085 suo.

172 2121 231 2194 At
248 2124 351 2220 prius
369 2127 576 2214 arboribus,
595 2139 676 2201 tum
694 2151 812 2226 quum
832 2126 985 2199 meliora
1001 2124 1107 2199 fuere

227 2236 425 2338 Tempora,
445 2253 636 2318 certarnen
652 2242 854 2317 fertilitatis
872 2251 965 2315 erat.

206 2543 218 2571 ⁸
232 2536 294 2586 Sunt
300 2537 342 2602 qni
356 2547 471 2596 asseram,
480 2539 524 2590 hoc
535 2541 675 2606 opusculum
725 2542 805 2591 statim
823 2541 853 2590 de
871 2556 919 2605 quo
937 2540 1014 2606 egitur
1029 2538 1071 2589 det
1088 2537 1224 2605 intelligen-

170 2611 205 2660 de
225 2610 292 2661 Nuce
310 2611 369 2661 falso
388 2613 490 2662 adscribi
506 2614 614 2663 Nasoni:
631 2631 675 2680 ego
724 2617 792 2666 dnm.
827 2616 916 2664 Junrts
936 2618 984 2662 oie.
1010 2613 1131 2671 Proxima,
1146 2614 1223 2664 conti·

171 2699 240 2741 vero,
256 2694 284 2734 ut
303 2701 350 2734 non
370 2687 485 2752 negarim,
506 2687 619 2736 Ovidium
634 2690 673 2754 ju·
725 2704 782 2754 gua.
950 2745 954 2752 ,

170 2773 268 2815 venem,
279 2769 304 2807 et
314 2759 392 2809 adhuc
404 2760 502 2808 tironem
514 2761 539 2808 in
550 2763 675 2811 Musanirn
757 2765 781 2810 2.
800 2760 888 2823 Potes]
906 2761 1036 2810 Percntior.
1051 2761 1106 2809 Vel.
1122 2761 1225 2809 Maxim.

171 2831 271 2888 militis,
291 2831 343 2882 hrec
362 2834 430 2900 qussi
451 2836 487 2883 sui
511 2836 674 2900 preexereita·
725 2836 767 2884 lib.
779 2853 803 2883 v.
815 2851 869 2899 esp.
882 2835 908 2882 ³.
929 2835 1053 2899 lrycsrgus
1067 2851 1121 2896 saeps
1140 2837 1223 2895 lapidi·

173 2913 256 2954 mente
270 2906 399 2972 scripsisse,
414 2907 512 2956 meliora
527 2908 623 2972 quidem
638 2909 674 2958 lu·
726 2913 765 2958 tus
773 2912 860 2972 petitus
870 2917 911 2957 est.

171 2991 237 3035 turs,
252 2979 272 3027 si
289 2979 315 3028 in
333 2981 501 3046 provectiorem
517 2990 612 3032 eutem
626 2982 674 3031 dis-
758 2987 782 3032 3.
801 2981 922 3044 ornans]
935 2981 1041 3046 Proprie.
1058 2979 1153 3028 Dicitur
1160 2978 1224 3026 enirn

172 3053 280 3113 tulisset,
295 3053 330 3102 sic
340 3053 423 3119 ipsius,
435 3071 481 3103 non
492 3054 589 3104 atterius
599 3064 674 3121 posse
725 3056 907 3121 elegantissime,
923 3054 986 3103 saxis
1003 3062 1028 3102 et
1042 3052 1162 3117 lapidibus
1180 3051 1224 3101 sli-

171 3136 268 3192 psrtnrn
286 3143 337 3176 esse
352 3126 513 3184 erueremini,
524 3129 589 3193 quod
598 3145 628 3178 ex
639 3128 675 3177 di·
726 3146 797 3195 qusm
807 3131 908 3177 sonim.

173 3199 247 3249 cendi
258 3199 394 3249 charactere
405 3200 492 3265 quivis,
500 3201 539 3254 vel
550 3201 675 3250 mediocri-
758 3208 782 3254 ὀ.
795 3203 875 3251 Nistrs'
887 3196 1112 3264 percenseamus]
1126 3197 1223 3245 Vocatur

174 3271 332 3329 tereruditus,
340 3273 517 3339 deprehendere
524 3273 618 3338 poterit.
636 3275 675 3323 M.
726 3275 838 3339 pretuli:
856 3274 940 3324 eedem
954 3272 1056 3321 varietas
1070 3271 1105 3319 II.
1119 3270 1226 3319 Pontii.

212 3348 233 3395 l.
252 3346 363 3412 Narsgo,
377 3348 437 3411 etc]
457 3347 566 3412 Contigit
575 3347 619 3396 hoc
630 3348 675 3396 lor·
730 3352 772 3399 19:
791 3356 807 3377 ‘⁸
818 3349 899 3413 thue
916 3344 991 3410 magis
1005 3343 1070 3393 cauti
1085 3352 1182 3408 possnru
1196 3341 1226 3392 ti-

174 3428 236 3469 tnns
253 3420 357 3483 quadarn
378 3420 434 3469 hnic
453 3420 552 3484 Elegiae,
562 3429 589 3469 nt
605 3421 676 3469 inter·
726 3423 832 3487 midique
848 3419 951 3469 videri.'’
985 3419 1032 3467 Ubi
1056 3423 1131 3466 uocari
1151 3416 1223 3465 codd.

173 3502 268 3559 preteur
296 3494 470 3543 nancisceretur
495 3494 571 3542 sirum
595 3494 677 3543 sreculi
727 3495 844 3545 nonnulli.
867 3496 966 3543 Psecsrs
980 3493 1052 3542 etiam
1066 3507 1107 3556 pro
1118 3499 1225 3555 peccato,

173 3567 336 3617 decimi-serti
352 3570 432 3618 lumen
452 3568 536 3633 ingens
553 3579 578 3617 et
595 3568 676 3625 decus,
725 3571 822 3619 Terent.
844 3568 920 3617 Andr.
937 3576 984 3616 act.
1000 3583 1024 3614 v.
1043 3581 1080 3614 sc.
1099 3567 1125 3613 3.
1142 3581 1166 3613 v.
1184 3567 1226 3614 55.

175 3640 288 3690 Desidet.
309 3643 448 3702 Erasmnrn;
470 3643 511 3707 qni
530 3642 549 3690 si
571 3643 631 3690 tales
651 3641 677 3690 in
727 3645 752 3692 Si
773 3646 798 3691 id
822 3659 915 3706 peccare
935 3652 976 3697 est,
988 3640 1070 3705 sstsor
1087 3642 1112 3688 s'd
1132 3655 1225 3702 quoqss.

175 3714 291 3764 Ovidium
301 3731 394 3764 omnem
401 3732 470 3764 cnrss
479 3715 631 3772 extendisset,
638 3716 677 3764 vix
727 3717 798 3767 Unde
805 3716 956 3780 hicjatemssr
964 3722 1043 3779 posset
1050 3712 1154 3762 delendi.
1171 3713 1226 3762 Nec

175 3787 289 3854 equidem
296 3788 373 3839 sentio
381 3790 440 3854 quid
452 3789 569 3854 egendum
580 3790 678 3855 posteris
727 3801 807 3840 tamen
821 3793 914 3839 dorstm
927 3787 1055 3837 sdnrodum
1071 3786 1188 3851 displicet,
1200 3793 1228 3834 ut

175 3862 321 3926 reliquisset.
349 3866 405 3913 lam
419 3863 677 3928 abhorrersuprirno,
727 3863 758 3912 sit
774 3880 816 3928 pro
834 3860 972 3918 ostenditur,
986 3862 1112 3926 probatur:
1130 3861 1164 3908 its
1180 3860 1226 3908 Te·

176 3937 254 3985 leonis
269 3953 372 4001 unguem
387 3936 482 3992 sentias,
499 3936 523 3985 in
539 3936 678 4001 exponendo
728 3947 789 3987 rent.
800 3936 875 3987 Adel.
886 3936 904 3985 i.
911 3938 936 3984 2.
944 3937 984 3985 45.
996 3946 1017 3984 ts
1030 3937 1102 3998 plura
1112 3937 1138 3981 ta
1149 3935 1191 3982 hur
1200 3948 1225 3980 rs

174 4025 226 4074 qua
242 4009 390 4074 potissimum
407 4018 457 4058 arte
470 4010 555 4058 Noster
566 4010 678 4058 lectorem
725 4013 951 4073 percursostsadusrs.

173 4099 258 4133 secum
283 4082 308 4132 in
329 4099 379 4132 rem
399 4083 502 4133 mediam
523 4084 614 4148 repist;
641 4092 691 4139 et,·
759 4087 782 4133 6.
800 4083 970 4149 Rrjmssuo]
985 4078 1225 4138 Meo,Bodleianusa

174 4160 270 4208 omissis
289 4159 480 4224 quibuscumque
502 4159 631 4224 preludiis,
651 4156 677 4206 id
728 4158 923 4208 mannsecunds.
