2806 5018
179 372 245 439 376
584 368 843 439 EXCURSUS

182 565 293 609 omnes
313 564 441 627 semper
459 544 493 607 in
518 543 665 608 confesso
686 544 760 609 fuit
804 544 965 629 Magnum
986 564 1107 608 eornm
1132 544 1164 607 in
1186 542 1236 607 boc

179 648 277 711 etiam
298 647 437 710 carmine
455 668 546 709 nsum
563 647 644 721 fore,
659 667 758 730 quum
780 647 821 711 ad
839 647 977 731 patriam
995 645 1194 730 religionem
1207 652 1235 709 st

180 758 300 814 caetera
314 748 408 832 hujus
427 750 575 814 carminis
596 759 787 834 argumenta
805 748 982 834 sepissime
1004 749 1137 812 nummi
1155 768 1234 832 spec

181 859 250 915 tere
273 852 407 927 soleant,
423 861 458 915 et
477 851 571 915 facile
593 851 777 915 existimavi
797 861 832 914 et
852 860 1012 934 expertus
1034 871 1122 924 snm,
1137 850 1179 913 ad
1196 850 1233 932 ip·

181 955 248 1018 sius
263 962 372 1019 textus
387 955 648 1019 constitutionem
669 954 807 1038 aliquam
829 975 939 1018 eorum
955 952 1025 1016 vim
1040 973 1119 1016 csse
1133 952 1234 1016 merito

180 1076 376 1141 magnopere
391 1056 546 1140 gaudens.
592 1056 785 1140 Speciminis
798 1076 897 1120 cansa
916 1074 960 1119 ex
981 1054 1047 1119 hoc
1067 1054 1173 1119 etism
1186 1074 1230 1139 go

182 1179 259 1222 nere
273 1159 343 1222 loca
357 1160 505 1242 quaedam
521 1179 714 1240 percensere
730 1157 835 1221 liceat.

225 1261 318 1325 Fast.
339 1261 382 1324 vi.
405 1260 480 1325 803.
506 1262 661 1343 (Marcio,
687 1261 834 1344 sacrifico
859 1257 1032 1323 deductum
1060 1279 1177 1324 mesen
1199 1256 1232 1321 cl

182 1365 299 1442 Anco.)
341 1364 458 1427 Marcii
473 1362 613 1445 Philippi
632 1363 760 1446 generis
775 1361 971 1425 nobilitatem
988 1359 1032 1423 ab
1049 1358 1152 1423 Anco
1165 1379 1232 1443 rege

181 1474 344 1550 repetunt,
360 1487 455 1549 quam
473 1466 646 1529 vanitatem
670 1472 784 1549 gentes
803 1465 835 1526 in
855 1462 993 1526 nummis
1017 1464 1166 1526 maxime
1184 1482 1231 1525 ex·

181 1569 319 1650 primere
344 1567 488 1631 solebant
509 1567 638 1651 (Ekbel.
658 1575 724 1631 tom
740 1589 770 1631 v.
785 1587 818 1649 p.
832 1564 900 1649 89.)
943 1562 995 1627 Ut
1009 1564 1117 1648 igitur
1130 1564 1233 1629 cm

178 1670 286 1752 (Suet.
297 1667 320 1732 J
323 1669 364 1731 ul.
377 1668 423 1745 6.)
434 1669 518 1732 idem
531 1670 572 1732 de
587 1669 717 1732 Marciis
730 1668 859 1750 regibus
871 1666 1039 1750 praedicat,
1052 1667 1104 1732 ita
1119 1665 1231 1731 numni

181 1772 287 1855 gentis
311 1771 445 1835 Marciae
469 1773 594 1835 Accam
618 1792 729 1855 regem
752 1791 825 1833 cum
850 1769 958 1834 Numa
980 1791 1044 1833 aso
1072 1778 1230 1854 tamqnam

181 1874 289 1956 capita
298 1876 414 1960 jugata
428 1874 549 1938 referre
568 1873 672 1938 solent
685 1871 817 1956 (Ekhel.
835 1872 969 1937 doctrin.
985 1893 1153 1938 nnsnmor.
1168 1880 1231 1936 tr.

182 1999 214 2060 o·
230 1976 322 2052 246.)

224 2080 395 2144 Hermrlem
422 2081 611 2166 Musapeten
635 2079 739 2162 (Fast.
761 2079 803 2142 vi.
830 2077 905 2142 812.
934 2075 1065 2140 Adnuit
1090 2076 1230 2152 Alcides,

180 2183 399 2267 increpuitque
414 2182 531 2267 lyram)
547 2180 752 2264 probabiliter
767 2180 808 2243 ad
825 2189 963 2243 statuam
980 2178 1017 2242 in
1036 2179 1162 2263 templo
1179 2200 1229 2262 po

181 2286 274 2348 sitam
300 2306 487 2368 expressum
513 2284 603 2347 nobis
627 2284 721 2346 affert
743 2304 890 2347 nummus
914 2280 1091 2365 Pomponii
1119 2281 1229 2353 Mose,

180 2388 338 2451 exhibens
354 2388 531 2450 Herculem
552 2409 624 2450 cum
646 2385 806 2449 attributis
820 2385 894 2471 lyra
910 2393 1078 2448 comicus
1094 2407 1124 2448 c.
1142 2384 1230 2447 inser.

181 2490 338 2554 Hercules
352 2490 530 2553 Musarum.
556 2488 672 2552 Elbel.
689 2488 709 2552 l.
726 2510 755 2552 c.
772 2496 848 2551 tom.
864 2508 894 2549 v.
910 2508 942 2570 p.
957 2484 1035 2551 283.

224 2592 316 2654 Fost.
333 2591 376 2653 iii.
393 2589 469 2655 253.
497 2590 620 2655 Junoni
641 2590 774 2654 Lucinoe
798 2610 885 2653 more
905 2588 1043 2653 solemni
1068 2589 1167 2654 flores
1185 2587 1228 2650 of-

181 2694 344 2756 feruntur:

300 2844 385 2903 Ferte
400 2845 571 2922 Deaeflores
577 2868 589 2910 ,·
611 2846 719 2923 gaudet
724 2846 899 2924 florentibus
911 2845 1009 2904 herbis

358 2938 432 2997 Haec
445 2939 518 3008 Dea,
533 2939 569 2998 de
582 2951 681 2999 tenero
694 2941 800 3018 cingite
815 2940 882 2998 flore
896 2949 991 3016 caput.

180 3109 292 3173 Flores
313 3117 420 3171 autem
442 3108 512 3191 ejus
533 3108 719 3171 attributum
735 3107 833 3171 fuisse
849 3128 868 3170 e
884 3127 1013 3170 nummo
1031 3107 1169 3172 Lucillae
1185 3108 1222 3170 si·

179 3212 303 3284 demus,
318 3211 373 3273 ubi
391 3220 454 3273 stat
469 3211 594 3273 Lucina
610 3212 726 3273 dextra
744 3210 1010 3294 extentaflorem‚
1026 3231 1052 3271 s.
1074 3211 1220 3274 infantem

179 3324 310 3378 tenens:
334 3323 368 3376 et
383 3336 465 3377 nuno
481 3323 581 3396 patet,
596 3314 672 3396 quid
689 3313 748 3377 sibi
764 3313 864 3375 velint
879 3312 970 3374 llores
987 3333 1092 3394 opere
1108 3313 1221 3376 musivo

177 3415 322 3498 expressi
342 3416 373 3476 in
394 3416 589 3498 pavimento,
607 3416 693 3497 quod
714 3436 733 3477 e
752 3414 851 3477 ruinis
870 3412 982 3496 templi
1003 3413 1141 3478 Lucinae
1158 3435 1217 3478 ern·

178 3525 244 3579 tum
261 3518 357 3579 tradit
373 3516 509 3601 Foggin.
527 3516 650 3580 Comm.
667 3540 698 3600 p.
713 3517 767 3579 21.

220 3619 322 3680 Lares
336 3621 513 3701 praestites,
530 3628 565 3681 ut
585 3619 624 3680 ab
647 3617 744 3681 Ovid.
759 3642 790 3681 v.
802 3618 876 3682 129.
893 3617 1047 3700 descripti
1068 3628 1154 3692 sunt,
1168 3638 1214 3679 es-

175 3728 247 3781 acte
276 3719 407 3781 exhibet
433 3742 579 3783 nummus
604 3721 709 3804 gentis
736 3720 862 3784 caesiae.
904 3720 1028 3801 Vejoois
1050 3719 1155 3797 (Fast.
1177 3718 1214 3780 iii.

174 3819 265 3894 433.)
279 3840 351 3881 curn
373 3842 468 3903 capra
489 3822 647 3897 adstante,
663 3823 709 3884 ita
725 3832 830 3884 tamen
847 3831 884 3884 nt
901 3821 1022 3885 fulmen
1039 3821 1136 3896 adsit,
1151 3840 1214 3884 con·

176 3929 224 3982 tra
240 3919 405 3995 Ovidium,
420 3922 452 3984 in
469 3924 574 4006 gentis
590 3922 736 3986 Fonteiae
752 3925 890 3987 denariis
906 3922 1053 3986 habetur.

214 4025 301 4088 June
315 4024 447 4107 Sospita
462 4031 549 4108 (quae
567 4026 600 4087 in
621 4027 756 4090 nummis
772 4027 892 4109 Sispite
905 4024 1001 4088 scribi
1016 4024 1110 4100 solet,
1127 4024 1212 4093 node,

171 4148 214 4189 an
231 4126 454 4210 etymologica
468 4149 589 4210 sospes,
607 4130 773 4212 sospitare,
792 4151 867 4191 vera
881 4128 932 4203 sit,
949 4127 1093 4191 dubitari
1105 4127 1213 4212 potest)
