<?xml version="1.0" encoding="UTF-8"?>
<!DOCTYPE html PUBLIC "-//W3C//DTD XHTML 1.0 Transitional//EN"
    "http://www.w3.org/TR/xhtml1/DTD/xhtml1-transitional.dtd">
<html xmlns="http://www.w3.org/1999/xhtml" xml:lang="en" lang="en">
 <head>
  <title>
</title>
<meta http-equiv="Content-Type" content="text/html;charset=utf-8" />
  <meta name='ocr-system' content='tesseract 3.04.00' />
  <meta name='ocr-capabilities' content='ocr_page ocr_carea ocr_par ocr_line ocrx_word'/>
</head>
<body>
  <div class='ocr_page' id='page_1' title='image "./povidiinasoniso03burmgoog_0031.png"; bbox 0 0 2806 5018; ppageno 0'>
   <div class='ocr_carea' id='block_1_1' title="bbox 292 345 1048 418">
    <p class='ocr_par' dir='ltr' id='par_1_1' title="bbox 292 345 1048 418">
     <span class='ocr_line' id='line_1_1' title="bbox 292 345 1048 418; baseline -0.009 0"><span class='ocrx_word' id='word_1_1' title='bbox 292 352 336 418; x_wconf 78' lang='lat'><strong>18</strong></span> <span class='ocrx_word' id='word_1_2' title='bbox 589 349 628 414; x_wconf 93' lang='grc' dir='ltr'><strong>Ρ.</strong></span> <span class='ocrx_word' id='word_1_3' title='bbox 651 345 814 414; x_wconf 83' lang='lat' dir='ltr'><strong>ovtulr</strong></span> <span class='ocrx_word' id='word_1_4' title='bbox 837 345 1048 412; x_wconf 84' lang='lat' dir='ltr'>NASONIS</span> 
     </span>
    </p>
   </div>
   <div class='ocr_carea' id='block_1_2' title="bbox 296 498 1345 2470">
    <p class='ocr_par' dir='ltr' id='par_1_2' title="bbox 296 498 1257 738">
     <span class='ocr_line' id='line_1_2' title="bbox 296 498 1201 622; baseline -0.01 -22"><span class='ocrx_word' id='word_1_5' title='bbox 296 526 504 600; x_wconf 87' lang='lat' dir='ltr'><strong>Creverunt</strong></span> <span class='ocrx_word' id='word_1_6' title='bbox 520 532 559 598; x_wconf 87' lang='lat' dir='ltr'><strong>et</strong></span> <span class='ocrx_word' id='word_1_7' title='bbox 576 498 680 622; x_wconf 78' lang='lat' dir='ltr'><strong>opes,</strong></span> <span class='ocrx_word' id='word_1_8' title='bbox 699 532 739 597; x_wconf 86' lang='lat' dir='ltr'><strong>et</strong></span> <span class='ocrx_word' id='word_1_9' title='bbox 756 544 870 620; x_wconf 92' lang='lat' dir='ltr'><strong>opum</strong></span> <span class='ocrx_word' id='word_1_10' title='bbox 887 519 1027 592; x_wconf 85' lang='lat' dir='ltr'><strong>furiosa</strong></span> <span class='ocrx_word' id='word_1_11' title='bbox 1044 518 1201 617; x_wconf 87' lang='lat' dir='ltr'><strong>cupido;</strong></span> 
     </span>
     <span class='ocr_line' id='line_1_3' title="bbox 345 635 1257 738; baseline -0.009 -24"><span class='ocrx_word' id='word_1_12' title='bbox 345 639 407 727; x_wconf 87' lang='lat' dir='ltr'><strong>Et,</strong></span> <span class='ocrx_word' id='word_1_13' title='bbox 426 664 545 738; x_wconf 92' lang='lat' dir='ltr'><strong>quum</strong></span> <span class='ocrx_word' id='word_1_14' title='bbox 562 639 782 738; x_wconf 86' lang='lat' dir='ltr'><strong>possideant</strong></span> <span class='ocrx_word' id='word_1_15' title='bbox 798 638 971 735; x_wconf 92' lang='lat' dir='ltr'><strong>plurima,</strong></span> <span class='ocrx_word' id='word_1_16' title='bbox 990 637 1100 735; x_wconf 89' lang='lat' dir='ltr'><strong>plura</strong></span> <span class='ocrx_word' id='word_1_17' title='bbox 1115 635 1257 707; x_wconf 91' lang='lat' dir='ltr'><strong>volunt.</strong></span> 
     </span>
    </p>

    <p class='ocr_par' dir='ltr' id='par_1_3' title="bbox 296 753 1338 971">
     <span class='ocr_line' id='line_1_4' title="bbox 296 753 1338 850; baseline -0.01 -20"><span class='ocrx_word' id='word_1_18' title='bbox 296 755 472 840; x_wconf 84' lang='lat' dir='ltr'><strong>Quaerere</strong></span> <span class='ocrx_word' id='word_1_19' title='bbox 487 769 529 830; x_wconf 92' lang='lat' dir='ltr'><strong>ut</strong></span> <span class='ocrx_word' id='word_1_20' title='bbox 546 757 760 841; x_wconf 85' lang='lat' dir='ltr'>absumant,</span> <span class='ocrx_word' id='word_1_21' title='bbox 775 755 948 827; x_wconf 87' lang='lat' dir='ltr'>absumta</span> <span class='ocrx_word' id='word_1_22' title='bbox 966 753 1154 850; x_wconf 87' lang='lat' dir='ltr'>requirere</span> <span class='ocrx_word' id='word_1_23' title='bbox 1172 760 1338 834; x_wconf 88' lang='lat' dir='ltr'><strong>certant;</strong></span> 
     </span>
     <span class='ocr_line' id='line_1_5' title="bbox 347 869 1129 971; baseline -0.005 -27"><span class='ocrx_word' id='word_1_24' title='bbox 347 872 475 971; x_wconf 87' lang='lat' dir='ltr'><strong>Atque</strong></span> <span class='ocrx_word' id='word_1_25' title='bbox 493 872 584 971; x_wconf 88' lang='lat' dir='ltr'><strong>ipsae</strong></span> <span class='ocrx_word' id='word_1_26' title='bbox 601 871 700 944; x_wconf 85' lang='lat' dir='ltr'><strong>vitiis</strong></span> <span class='ocrx_word' id='word_1_27' title='bbox 718 880 806 945; x_wconf 87' lang='lat' dir='ltr'><strong>sunt</strong></span> <span class='ocrx_word' id='word_1_28' title='bbox 822 870 999 943; x_wconf 87' lang='lat' dir='ltr'><strong>alimenta</strong></span> <span class='ocrx_word' id='word_1_29' title='bbox 1015 869 1129 941; x_wconf 89' lang='lat' dir='ltr'><strong>vices.</strong></span> 
     </span>
    </p>

    <p class='ocr_par' dir='ltr' id='par_1_4' title="bbox 298 983 1341 1202">
     <span class='ocr_line' id='line_1_6' title="bbox 298 983 1341 1084; baseline -0.011 -22"><span class='ocrx_word' id='word_1_30' title='bbox 298 988 375 1076; x_wconf 84' lang='lat' dir='ltr'><strong>sic,</strong></span> <span class='ocrx_word' id='word_1_31' title='bbox 395 989 534 1084; x_wconf 89' lang='lat' dir='ltr'><strong>quibus</strong></span> <span class='ocrx_word' id='word_1_32' title='bbox 552 988 732 1062; x_wconf 82' lang='lat' dir='ltr'><strong>intumuit</strong></span> <span class='ocrx_word' id='word_1_33' title='bbox 748 987 891 1061; x_wconf 86' lang='lat' dir='ltr'><strong>suffusa</strong></span> <span class='ocrx_word' id='word_1_34' title='bbox 908 997 1037 1059; x_wconf 87' lang='lat' dir='ltr'><strong>venter</strong></span> <span class='ocrx_word' id='word_1_35' title='bbox 1054 985 1101 1056; x_wconf 86' lang='lat' dir='ltr'><strong>ab</strong></span> <span class='ocrx_word' id='word_1_36' title='bbox 1120 983 1234 1067; x_wconf 87' lang='lat' dir='ltr'><strong>unda,</strong></span> <span class='ocrx_word' id='word_1_37' title='bbox 1269 983 1341 1051; x_wconf 80' lang='grc'><strong>215</strong></span> 
     </span>
     <span class='ocr_line' id='line_1_7' title="bbox 349 1102 1210 1202; baseline -0.008 -24"><span class='ocrx_word' id='word_1_38' title='bbox 349 1105 435 1190; x_wconf 85' lang='lat' dir='ltr'><strong>Quo</strong></span> <span class='ocrx_word' id='word_1_39' title='bbox 452 1106 537 1202; x_wconf 89' lang='lat' dir='ltr'><strong>plus</strong></span> <span class='ocrx_word' id='word_1_40' title='bbox 556 1116 644 1178; x_wconf 89' lang='lat' dir='ltr'><strong>sunt</strong></span> <span class='ocrx_word' id='word_1_41' title='bbox 661 1116 773 1202; x_wconf 86' lang='lat' dir='ltr'><strong>potae,</strong></span> <span class='ocrx_word' id='word_1_42' title='bbox 793 1105 877 1201; x_wconf 91' lang='lat' dir='ltr'><strong>plus</strong></span> <span class='ocrx_word' id='word_1_43' title='bbox 896 1102 1071 1175; x_wconf 90' lang='lat' dir='ltr'><strong>sitiuntur</strong></span> <span class='ocrx_word' id='word_1_44' title='bbox 1089 1123 1210 1196; x_wconf 78' lang='lat' dir='ltr'><strong>aquae.</strong></span> 
     </span>
    </p>

    <p class='ocr_par' dir='ltr' id='par_1_5' title="bbox 298 1215 1340 1435">
     <span class='ocr_line' id='line_1_8' title="bbox 298 1215 1340 1319; baseline -0.009 -25"><span class='ocrx_word' id='word_1_45' title='bbox 298 1219 343 1294; x_wconf 92' lang='lat' dir='ltr'><strong>ln</strong></span> <span class='ocrx_word' id='word_1_46' title='bbox 362 1220 482 1319; x_wconf 88' lang='lat' dir='ltr'><strong>pretio</strong></span> <span class='ocrx_word' id='word_1_47' title='bbox 501 1221 661 1318; x_wconf 92' lang='lat' dir='ltr'><strong>pretium</strong></span> <span class='ocrx_word' id='word_1_48' title='bbox 680 1244 779 1293; x_wconf 92' lang='lat' dir='ltr'><strong>nunc</strong></span> <span class='ocrx_word' id='word_1_49' title='bbox 797 1231 880 1294; x_wconf 89' lang='lat' dir='ltr'><strong>est:</strong></span> <span class='ocrx_word' id='word_1_50' title='bbox 909 1219 974 1292; x_wconf 90' lang='lat' dir='ltr'><strong>dat</strong></span> <span class='ocrx_word' id='word_1_51' title='bbox 991 1241 1129 1291; x_wconf 88' lang='lat' dir='ltr'><strong>census</strong></span> <span class='ocrx_word' id='word_1_52' title='bbox 1152 1215 1340 1299; x_wconf 88' lang='lat' dir='ltr'><strong>honores;</strong></span> 
     </span>
     <span class='ocr_line' id='line_1_9' title="bbox 348 1335 1175 1435; baseline -0.006 -24"><span class='ocrx_word' id='word_1_53' title='bbox 348 1337 497 1411; x_wconf 84' lang='lat' dir='ltr'><strong>Census</strong></span> <span class='ocrx_word' id='word_1_54' title='bbox 515 1336 716 1411; x_wconf 84' lang='lat' dir='ltr'><strong>amicitias:</strong></span> <span class='ocrx_word' id='word_1_55' title='bbox 745 1359 889 1435; x_wconf 90' lang='lat' dir='ltr'><strong>pauper</strong></span> <span class='ocrx_word' id='word_1_56' title='bbox 905 1335 1046 1431; x_wconf 89' lang='lat' dir='ltr'><strong>ubique</strong></span> <span class='ocrx_word' id='word_1_57' title='bbox 1059 1337 1175 1431; x_wconf 87' lang='lat' dir='ltr'><strong>jacet.</strong></span> 
     </span>
    </p>

    <p class='ocr_par' dir='ltr' id='par_1_6' title="bbox 297 1446 1344 1663">
     <span class='ocr_line' id='line_1_10' title="bbox 297 1446 1276 1548; baseline -0.008 -22"><span class='ocrx_word' id='word_1_58' title='bbox 297 1451 357 1525; x_wconf 88' lang='lat' dir='ltr'><strong>Tu</strong></span> <span class='ocrx_word' id='word_1_59' title='bbox 373 1463 514 1537; x_wconf 89' lang='lat' dir='ltr'><strong>tamen,</strong></span> <span class='ocrx_word' id='word_1_60' title='bbox 532 1450 744 1548; x_wconf 87' lang='lat' dir='ltr'><strong>auspicium</strong></span> <span class='ocrx_word' id='word_1_61' title='bbox 762 1452 793 1523; x_wconf 89' lang='lat' dir='ltr'><strong>si</strong></span> <span class='ocrx_word' id='word_1_62' title='bbox 811 1451 861 1524; x_wconf 90' lang='lat' dir='ltr'><strong>sit</strong></span> <span class='ocrx_word' id='word_1_63' title='bbox 875 1449 983 1548; x_wconf 86' lang='lat' dir='ltr'><strong>stipis</strong></span> <span class='ocrx_word' id='word_1_64' title='bbox 1001 1449 1105 1534; x_wconf 89' lang='lat' dir='ltr'><strong>utile,</strong></span> <span class='ocrx_word' id='word_1_65' title='bbox 1124 1446 1276 1544; x_wconf 86' lang='lat' dir='ltr'><strong>quaeris,</strong></span> 
     </span>
     <span class='ocr_line' id='line_1_11' title="bbox 351 1565 1344 1663; baseline -0.008 -24"><span class='ocrx_word' id='word_1_66' title='bbox 351 1565 507 1663; x_wconf 89' lang='lat' dir='ltr'><strong>Curque</strong></span> <span class='ocrx_word' id='word_1_67' title='bbox 519 1567 653 1662; x_wconf 91' lang='lat' dir='ltr'><strong>juvent</strong></span> <span class='ocrx_word' id='word_1_68' title='bbox 670 1577 815 1638; x_wconf 88' lang='lat' dir='ltr'><strong>nostras</strong></span> <span class='ocrx_word' id='word_1_69' title='bbox 833 1590 908 1639; x_wconf 80' lang='lat' dir='ltr'><strong>aera</strong></span> <span class='ocrx_word' id='word_1_70' title='bbox 920 1577 1069 1639; x_wconf 86' lang='lat' dir='ltr'><strong>vetusta</strong></span> <span class='ocrx_word' id='word_1_71' title='bbox 1087 1586 1241 1638; x_wconf 89' lang='lat' dir='ltr'><strong>manus:</strong></span> <span class='ocrx_word' id='word_1_72' title='bbox 1269 1565 1344 1633; x_wconf 91' lang='grc'><strong>220</strong></span> 
     </span>
    </p>

    <p class='ocr_par' dir='ltr' id='par_1_7' title="bbox 301 1680 1341 1895">
     <span class='ocr_line' id='line_1_12' title="bbox 301 1680 1341 1769; baseline -0.004 -14"><span class='ocrx_word' id='word_1_73' title='bbox 301 1681 391 1755; x_wconf 86' lang='lat' dir='ltr'><strong>AEra</strong></span> <span class='ocrx_word' id='word_1_74' title='bbox 407 1682 547 1755; x_wconf 90' lang='lat' dir='ltr'><strong>dabant</strong></span> <span class='ocrx_word' id='word_1_75' title='bbox 563 1680 673 1769; x_wconf 92' lang='lat' dir='ltr'><strong>olim;</strong></span> <span class='ocrx_word' id='word_1_76' title='bbox 702 1682 835 1754; x_wconf 89' lang='lat' dir='ltr'><strong>melius</strong></span> <span class='ocrx_word' id='word_1_77' title='bbox 854 1705 952 1754; x_wconf 87' lang='lat' dir='ltr'><strong>nunc</strong></span> <span class='ocrx_word' id='word_1_78' title='bbox 965 1705 1075 1755; x_wconf 89' lang='lat' dir='ltr'><strong>omen</strong></span> <span class='ocrx_word' id='word_1_79' title='bbox 1094 1681 1132 1753; x_wconf 93' lang='lat' dir='ltr'><strong>in</strong></span> <span class='ocrx_word' id='word_1_80' title='bbox 1150 1702 1240 1753; x_wconf 88' lang='lat' dir='ltr'><strong>auro</strong></span> <span class='ocrx_word' id='word_1_81' title='bbox 1259 1687 1341 1753; x_wconf 89' lang='lat' dir='ltr'><strong>est:</strong></span> 
     </span>
     <span class='ocr_line' id='line_1_13' title="bbox 348 1795 1169 1895; baseline 0.001 -29"><span class='ocrx_word' id='word_1_82' title='bbox 348 1795 536 1892; x_wconf 88' lang='lat' dir='ltr'><strong>Victaque</strong></span> <span class='ocrx_word' id='word_1_83' title='bbox 548 1796 728 1869; x_wconf 68' lang='lat' dir='ltr'><strong>&#39;concedit</strong></span> <span class='ocrx_word' id='word_1_84' title='bbox 744 1796 868 1895; x_wconf 88' lang='lat' dir='ltr'><strong>prisca</strong></span> <span class='ocrx_word' id='word_1_85' title='bbox 884 1808 1169 1870; x_wconf 80' lang='lat' dir='ltr'><strong>moneta&#39;novae.</strong></span> 
     </span>
    </p>

    <p class='ocr_par' dir='ltr' id='par_1_8' title="bbox 300 1909 1343 2124">
     <span class='ocr_line' id='line_1_14' title="bbox 300 1909 1343 2009; baseline -0.004 -23"><span class='ocrx_word' id='word_1_86' title='bbox 300 1909 381 1986; x_wconf 88' lang='lat' dir='ltr'><strong>Nos</strong></span> <span class='ocrx_word' id='word_1_87' title='bbox 400 1934 553 2009; x_wconf 92' lang='lat' dir='ltr'><strong>quoque</strong></span> <span class='ocrx_word' id='word_1_88' title='bbox 570 1911 714 2008; x_wconf 90' lang='lat' dir='ltr'><strong>templa</strong></span> <span class='ocrx_word' id='word_1_89' title='bbox 726 1912 872 2008; x_wconf 90' lang='lat' dir='ltr'><strong>juvant,</strong></span> <span class='ocrx_word' id='word_1_90' title='bbox 892 1912 1061 2008; x_wconf 89' lang='lat' dir='ltr'><strong>quamvis</strong></span> <span class='ocrx_word' id='word_1_91' title='bbox 1086 1911 1242 2008; x_wconf 91' lang='lat' dir='ltr'><strong>antiqua</strong></span> <span class='ocrx_word' id='word_1_92' title='bbox 1259 1934 1343 2007; x_wconf 89' lang='lat' dir='ltr'><strong>pro·</strong></span> 
     </span>
     <span class='ocr_line' id='line_1_15' title="bbox 349 2026 1343 2124; baseline -0.002 -25"><span class='ocrx_word' id='word_1_93' title='bbox 349 2026 496 2113; x_wconf 81' lang='lat' dir='ltr'><strong>Aurea3</strong></span> <span class='ocrx_word' id='word_1_94' title='bbox 525 2028 703 2124; x_wconf 91' lang='lat' dir='ltr'><strong>majestas</strong></span> <span class='ocrx_word' id='word_1_95' title='bbox 721 2027 896 2099; x_wconf 88' lang='lat' dir='ltr'><strong>convenit</strong></span> <span class='ocrx_word' id='word_1_96' title='bbox 913 2027 986 2099; x_wconf 86' lang='lat' dir='ltr'><strong>ista</strong></span> <span class='ocrx_word' id='word_1_97' title='bbox 1003 2026 1098 2100; x_wconf 87' lang='lat' dir='ltr'><strong>Deo.</strong></span> <span class='ocrx_word' id='word_1_98' title='bbox 1179 2027 1343 2122; x_wconf 88' lang='lat' dir='ltr'><strong>[bemus,</strong></span> 
     </span>
    </p>

    <p class='ocr_par' dir='ltr' id='par_1_9' title="bbox 300 2141 1345 2355">
     <span class='ocr_line' id='line_1_16' title="bbox 300 2141 1345 2226; baseline -0.002 -10"><span class='ocrx_word' id='word_1_99' title='bbox 300 2142 515 2217; x_wconf 89' lang='lat' dir='ltr'><strong>Laudamus</strong></span> <span class='ocrx_word' id='word_1_100' title='bbox 533 2154 690 2226; x_wconf 88' lang='lat' dir='ltr'><strong>veteres,</strong></span> <span class='ocrx_word' id='word_1_101' title='bbox 711 2141 778 2215; x_wconf 90' lang='lat' dir='ltr'><strong>sed</strong></span> <span class='ocrx_word' id='word_1_102' title='bbox 797 2141 933 2214; x_wconf 90' lang='lat' dir='ltr'><strong>nostris</strong></span> <span class='ocrx_word' id='word_1_103' title='bbox 952 2142 1092 2215; x_wconf 91' lang='lat' dir='ltr'><strong>utimur</strong></span> <span class='ocrx_word' id='word_1_104' title='bbox 1108 2141 1233 2216; x_wconf 91' lang='lat' dir='ltr'><strong>annis:</strong></span> <span class='ocrx_word' id='word_1_105' title='bbox 1271 2146 1345 2225; x_wconf 83' lang='grc'><strong>225</strong></span> 
     </span>
     <span class='ocr_line' id='line_1_17' title="bbox 351 2256 1215 2355; baseline 0.001 -25"><span class='ocrx_word' id='word_1_106' title='bbox 351 2256 439 2332; x_wconf 87' lang='lat' dir='ltr'><strong>Mos</strong></span> <span class='ocrx_word' id='word_1_107' title='bbox 456 2269 582 2332; x_wconf 92' lang='lat' dir='ltr'><strong>tamen</strong></span> <span class='ocrx_word' id='word_1_108' title='bbox 599 2270 659 2331; x_wconf 88' lang='lat' dir='ltr'><strong>est</strong></span> <span class='ocrx_word' id='word_1_109' title='bbox 677 2280 786 2354; x_wconf 79' lang='lat' dir='ltr'><strong>reque</strong></span> <span class='ocrx_word' id='word_1_110' title='bbox 803 2257 937 2354; x_wconf 85' lang='lat' dir='ltr'><strong>dignus</strong></span> <span class='ocrx_word' id='word_1_111' title='bbox 954 2270 1113 2355; x_wconf 89' lang='lat' dir='ltr'><strong>uterque</strong></span> <span class='ocrx_word' id='word_1_112' title='bbox 1130 2257 1215 2331; x_wconf 87' lang='lat' dir='ltr'><strong>coli.</strong></span> 
     </span>
    </p>

    <p class='ocr_par' dir='ltr' id='par_1_10' title="bbox 302 2372 1267 2470">
     <span class='ocr_line' id='line_1_18' title="bbox 302 2372 1267 2470; baseline -0.001 -23"><span class='ocrx_word' id='word_1_113' title='bbox 302 2372 468 2447; x_wconf 85' lang='lat' dir='ltr'><strong>Finierat</strong></span> <span class='ocrx_word' id='word_1_114' title='bbox 485 2373 647 2445; x_wconf 90' lang='lat' dir='ltr'><strong>monitus</strong></span> <span class='ocrx_word' id='word_1_115' title='bbox 665 2399 674 2446; x_wconf 92' lang='lat'><strong>:</strong></span> <span class='ocrx_word' id='word_1_116' title='bbox 703 2373 862 2470; x_wconf 86' lang='lat' dir='ltr'><strong>placidis</strong></span> <span class='ocrx_word' id='word_1_117' title='bbox 880 2374 933 2446; x_wconf 91' lang='lat' dir='ltr'><strong>ita</strong></span> <span class='ocrx_word' id='word_1_118' title='bbox 950 2398 1088 2458; x_wconf 88' lang='lat' dir='ltr'><strong>rursus,</strong></span> <span class='ocrx_word' id='word_1_119' title='bbox 1108 2384 1150 2445; x_wconf 93' lang='lat' dir='ltr'><strong>ut</strong></span> <span class='ocrx_word' id='word_1_120' title='bbox 1167 2385 1267 2458; x_wconf 88' lang='lat' dir='ltr'><strong>ante,</strong></span> 
     </span>
    </p>
   </div>
   <div class='ocr_carea' id='block_1_3' title="bbox 352 2484 1181 2586">
    <p class='ocr_par' dir='ltr' id='par_1_11' title="bbox 352 2484 1181 2586">
     <span class='ocr_line' id='line_1_19' title="bbox 352 2484 1181 2586; baseline 0.001 -25"><span class='ocrx_word' id='word_1_121' title='bbox 352 2487 591 2583; x_wconf 86' lang='lat' dir='ltr'><strong>Clavigerum</strong></span> <span class='ocrx_word' id='word_1_122' title='bbox 608 2487 731 2562; x_wconf 90' lang='lat' dir='ltr'><strong>verbis</strong></span> <span class='ocrx_word' id='word_1_123' title='bbox 749 2488 919 2585; x_wconf 92' lang='lat' dir='ltr'><strong>alloquor</strong></span> <span class='ocrx_word' id='word_1_124' title='bbox 936 2488 1016 2586; x_wconf 91' lang='lat' dir='ltr'><strong>ipse</strong></span> <span class='ocrx_word' id='word_1_125' title='bbox 1036 2484 1181 2562; x_wconf 88' lang='lat' dir='ltr'><strong>Deum:</strong></span> 
     </span>
    </p>
   </div>
   <div class='ocr_carea' id='block_1_4' title="bbox 302 2703 1349 4244">
    <p class='ocr_par' dir='ltr' id='par_1_12' title="bbox 302 2703 1348 3950">
     <span class='ocr_line' id='line_1_20' title="bbox 333 2703 1346 2770; baseline 0 -18"><span class='ocrx_word' id='word_1_126' title='bbox 333 2704 390 2753; x_wconf 77' lang='lat' dir='ltr'><strong>ala.</strong></span> <span class='ocrx_word' id='word_1_127' title='bbox 407 2703 518 2769; x_wconf 73' lang='lat' dir='ltr'><strong>Suffumli</strong></span> <span class='ocrx_word' id='word_1_128' title='bbox 529 2714 553 2753; x_wconf 84' lang='lat' dir='ltr'><strong>et</strong></span> <span class='ocrx_word' id='word_1_129' title='bbox 565 2712 646 2754; x_wconf 83' lang='lat' dir='ltr'><strong>venter</strong></span> <span class='ocrx_word' id='word_1_130' title='bbox 660 2705 706 2755; x_wconf 82' lang='lat' dir='ltr'><strong>diei</strong></span> <span class='ocrx_word' id='word_1_131' title='bbox 721 2714 799 2770; x_wconf 85' lang='lat' dir='ltr'><strong>potest</strong></span> <span class='ocrx_word' id='word_1_132' title='bbox 847 2710 918 2770; x_wconf 75' lang='lat' dir='ltr'><strong>stipis,</strong></span> <span class='ocrx_word' id='word_1_133' title='bbox 930 2715 976 2754; x_wconf 89' lang='lat' dir='ltr'><strong>etc.</strong></span> <span class='ocrx_word' id='word_1_134' title='bbox 1011 2705 1122 2754; x_wconf 81' lang='lat' dir='ltr'><strong>Heinsius</strong></span> <span class='ocrx_word' id='word_1_135' title='bbox 1136 2720 1191 2754; x_wconf 85' lang='lat' dir='ltr'><strong>vero</strong></span> <span class='ocrx_word' id='word_1_136' title='bbox 1201 2704 1315 2760; x_wconf 84' lang='lat' dir='ltr'><strong>malebat.</strong></span> <span class='ocrx_word' id='word_1_137' title='bbox 1326 2709 1346 2752; x_wconf 85' lang='lat' dir='ltr'><strong>si</strong></span> 
     </span>
     <span class='ocr_line' id='line_1_21' title="bbox 302 2775 1347 2844; baseline -0.002 -16"><span class='ocrx_word' id='word_1_138' title='bbox 302 2777 378 2843; x_wconf 71' lang='lat' dir='ltr'><strong>equis,</strong></span> <span class='ocrx_word' id='word_1_139' title='bbox 390 2785 416 2824; x_wconf 90' lang='lat' dir='ltr'><strong>ut</strong></span> <span class='ocrx_word' id='word_1_140' title='bbox 431 2775 488 2824; x_wconf 80' lang='lat' dir='ltr'><strong>stibi</strong></span> <span class='ocrx_word' id='word_1_141' title='bbox 502 2795 525 2825; x_wconf 82' lang='lat' dir='ltr'><strong>os</strong></span> <span class='ocrx_word' id='word_1_142' title='bbox 539 2777 651 2843; x_wconf 75' lang='lat' dir='ltr'><strong>suffusum</strong></span> <span class='ocrx_word' id='word_1_143' title='bbox 666 2782 760 2840; x_wconf 82' lang='lat' dir='ltr'><strong>pudore,</strong></span> <span class='ocrx_word' id='word_1_144' title='bbox 774 2787 799 2827; x_wconf 88' lang='lat' dir='ltr'><strong>et</strong></span> <span class='ocrx_word' id='word_1_145' title='bbox 847 2798 890 2829; x_wconf 80' lang='lat' dir='ltr'><strong>cur</strong></span> <span class='ocrx_word' id='word_1_146' title='bbox 900 2783 964 2843; x_wconf 77' lang='lat' dir='ltr'><strong>stipis</strong></span> <span class='ocrx_word' id='word_1_147' title='bbox 974 2781 1032 2828; x_wconf 82' lang='lat' dir='ltr'><strong>utile</strong></span> <span class='ocrx_word' id='word_1_148' title='bbox 1042 2783 1132 2842; x_wconf 67' lang='lat' dir='ltr'><strong>queris.</strong></span> <span class='ocrx_word' id='word_1_149' title='bbox 1157 2780 1225 2827; x_wconf 85' lang='lat' dir='ltr'><strong>Tunc</strong></span> <span class='ocrx_word' id='word_1_150' title='bbox 1237 2779 1347 2844; x_wconf 83' lang='lat' dir='ltr'><strong>spodosis</strong></span> 
     </span>
     <span class='ocr_line' id='line_1_22' title="bbox 302 2851 1347 2917; baseline 0.003 -18"><span class='ocrx_word' id='word_1_151' title='bbox 302 2867 371 2917; x_wconf 76' lang='lat' dir='ltr'><strong>eques</strong></span> <span class='ocrx_word' id='word_1_152' title='bbox 382 2851 426 2899; x_wconf 89' lang='lat' dir='ltr'><strong>sub</strong></span> <span class='ocrx_word' id='word_1_153' title='bbox 439 2861 494 2900; x_wconf 88' lang='lat' dir='ltr'><strong>cute</strong></span> <span class='ocrx_word' id='word_1_154' title='bbox 505 2851 621 2901; x_wconf 73' lang='lat' dir='ltr'><strong>oollectoe.</strong></span> <span class='ocrx_word' id='word_1_155' title='bbox 654 2854 744 2903; x_wconf 78' lang='lat' dir='ltr'><strong>Eadem</strong></span> <span class='ocrx_word' id='word_1_156' title='bbox 756 2869 798 2903; x_wconf 81' lang='lat' dir='ltr'><strong>au·</strong></span> <span class='ocrx_word' id='word_1_157' title='bbox 847 2855 998 2905; x_wconf 82' lang='lat' dir='ltr'><strong>loretumissu</strong></span> <span class='ocrx_word' id='word_1_158' title='bbox 1008 2871 1014 2900; x_wconf 91' lang='lat'><strong>:</strong></span> <span class='ocrx_word' id='word_1_159' title='bbox 1026 2868 1098 2902; x_wconf 87' lang='lat' dir='ltr'><strong>causa</strong></span> <span class='ocrx_word' id='word_1_160' title='bbox 1106 2853 1201 2902; x_wconf 73' lang='lat' dir='ltr'><strong>ertheo</strong></span> <span class='ocrx_word' id='word_1_161' title='bbox 1212 2872 1217 2901; x_wconf 92' lang='lat'>:</span> <span class='ocrx_word' id='word_1_162' title='bbox 1230 2853 1347 2902; x_wconf 84' lang='lat' dir='ltr'><strong>editiones</strong></span> 
     </span>
     <span class='ocr_line' id='line_1_23' title="bbox 302 2922 1346 2994; baseline 0.001 -20"><span class='ocrx_word' id='word_1_163' title='bbox 302 2935 349 2974; x_wconf 85' lang='lat' dir='ltr'><strong>tem</strong></span> <span class='ocrx_word' id='word_1_164' title='bbox 377 2922 530 2973; x_wconf 73' lang='lat' dir='ltr'><strong>similitudine</strong></span> <span class='ocrx_word' id='word_1_165' title='bbox 559 2925 662 2974; x_wconf 71' lang='lat' dir='ltr'><strong>avaritie</strong></span> <span class='ocrx_word' id='word_1_166' title='bbox 690 2935 798 2976; x_wconf 85' lang='lat' dir='ltr'><strong>naturam</strong></span> <span class='ocrx_word' id='word_1_167' title='bbox 848 2929 950 2994; x_wconf 73' lang='lat' dir='ltr'><strong>antiqua</strong></span> <span class='ocrx_word' id='word_1_168' title='bbox 966 2936 990 2977; x_wconf 90' lang='lat' dir='ltr'><strong>et</strong></span> <span class='ocrx_word' id='word_1_169' title='bbox 1005 2927 1073 2975; x_wconf 88' lang='lat' dir='ltr'><strong>multi</strong></span> <span class='ocrx_word' id='word_1_170' title='bbox 1088 2927 1158 2976; x_wconf 84' lang='lat' dir='ltr'><strong>MSS.</strong></span> <span class='ocrx_word' id='word_1_171' title='bbox 1170 2945 1214 2976; x_wconf 81' lang='lat' dir='ltr'><strong>cur</strong></span> <span class='ocrx_word' id='word_1_172' title='bbox 1227 2930 1265 2975; x_wconf 79' lang='lat' dir='ltr'><strong>sit.</strong></span> <span class='ocrx_word' id='word_1_173' title='bbox 1297 2927 1346 2975; x_wconf 86' lang='lat' dir='ltr'><strong>Sed</strong></span> 
     </span>
     <span class='ocr_line' id='line_1_24' title="bbox 302 2998 1347 3065; baseline -0.001 -16"><span class='ocrx_word' id='word_1_174' title='bbox 302 2999 447 3049; x_wconf 74' lang='lat' dir='ltr'><strong>illustrarunt</strong></span> <span class='ocrx_word' id='word_1_175' title='bbox 463 2998 585 3064; x_wconf 83' lang='lat' dir='ltr'><strong>Polybius,</strong></span> <span class='ocrx_word' id='word_1_176' title='bbox 602 2999 652 3048; x_wconf 87' lang='lat' dir='ltr'><strong>xiii.</strong></span> <span class='ocrx_word' id='word_1_177' title='bbox 673 3002 698 3058; x_wconf 90' lang='lat' dir='ltr'><strong>l;</strong></span> <span class='ocrx_word' id='word_1_178' title='bbox 723 3000 798 3049; x_wconf 86' lang='lat' dir='ltr'><strong>Hora-</strong></span> <span class='ocrx_word' id='word_1_179' title='bbox 848 3001 970 3051; x_wconf 84' lang='lat' dir='ltr'><strong>commode</strong></span> <span class='ocrx_word' id='word_1_180' title='bbox 982 2998 1141 3048; x_wconf 77' lang='lat' dir='ltr'><strong>duasdiversre</strong></span> <span class='ocrx_word' id='word_1_181' title='bbox 1152 2999 1347 3065; x_wconf 79' lang='lat' dir='ltr'><strong>interrogationes</strong></span> 
     </span>
     <span class='ocr_line' id='line_1_25' title="bbox 302 3071 1346 3139; baseline -0.001 -15"><span class='ocrx_word' id='word_1_182' title='bbox 302 3073 358 3131; x_wconf 85' lang='lat' dir='ltr'><strong>tius,</strong></span> <span class='ocrx_word' id='word_1_183' title='bbox 369 3073 406 3121; x_wconf 91' lang='lat'><strong>11.</strong></span> <span class='ocrx_word' id='word_1_184' title='bbox 417 3072 468 3122; x_wconf 86' lang='lat' dir='ltr'><strong>od.</strong></span> <span class='ocrx_word' id='word_1_185' title='bbox 483 3071 508 3119; x_wconf 91' lang='lat' dir='ltr'><strong>ii.</strong></span> <span class='ocrx_word' id='word_1_186' title='bbox 525 3073 562 3120; x_wconf 83' lang='grc'><strong>13.</strong></span> <span class='ocrx_word' id='word_1_187' title='bbox 575 3071 615 3121; x_wconf 92' lang='lat' dir='ltr'><strong>ubi</strong></span> <span class='ocrx_word' id='word_1_188' title='bbox 633 3071 747 3122; x_wconf 83' lang='lat' dir='ltr'><strong>“Crescit</strong></span> <span class='ocrx_word' id='word_1_189' title='bbox 760 3074 797 3122; x_wconf 91' lang='lat' dir='ltr'><strong>iu·</strong></span> <span class='ocrx_word' id='word_1_190' title='bbox 848 3076 925 3125; x_wconf 84' lang='lat' dir='ltr'><strong>locum</strong></span> <span class='ocrx_word' id='word_1_191' title='bbox 934 3076 1032 3124; x_wconf 80' lang='lat' dir='ltr'><strong>habeut:</strong></span> <span class='ocrx_word' id='word_1_192' title='bbox 1048 3075 1241 3136; x_wconf 79' lang='lat' dir='ltr'><strong>Curjuvent,eur</strong></span> <span class='ocrx_word' id='word_1_193' title='bbox 1251 3084 1346 3139; x_wconf 82' lang='lat' dir='ltr'><strong>gratum</strong></span> 
     </span>
     <span class='ocr_line' id='line_1_26' title="bbox 302 3145 1346 3213; baseline 0.001 -17"><span class='ocrx_word' id='word_1_194' title='bbox 302 3145 457 3211; x_wconf 87' lang='lat' dir='ltr'><strong>dulgeossibi</strong></span> <span class='ocrx_word' id='word_1_195' title='bbox 470 3145 535 3196; x_wconf 89' lang='lat' dir='ltr'><strong>dirus</strong></span> <span class='ocrx_word' id='word_1_196' title='bbox 546 3145 729 3210; x_wconf 78' lang='lat' dir='ltr'><strong>hydrops,’&#39;etc.</strong></span> <span class='ocrx_word' id='word_1_197' title='bbox 743 3147 798 3196; x_wconf 84' lang='lat' dir='ltr'><strong>Pre·</strong></span> <span class='ocrx_word' id='word_1_198' title='bbox 849 3150 916 3199; x_wconf 86' lang='lat' dir='ltr'><strong>uobis</strong></span> <span class='ocrx_word' id='word_1_199' title='bbox 932 3150 963 3199; x_wconf 89' lang='lat' dir='ltr'><strong>sit</strong></span> <span class='ocrx_word' id='word_1_200' title='bbox 981 3163 1058 3197; x_wconf 75' lang='lat' dir='ltr'><strong>aneos</strong></span> <span class='ocrx_word' id='word_1_201' title='bbox 1075 3147 1208 3196; x_wconf 86' lang='lat' dir='ltr'><strong>nummulos</strong></span> <span class='ocrx_word' id='word_1_202' title='bbox 1227 3149 1346 3213; x_wconf 82' lang='lat' dir='ltr'><strong>aocipere.</strong></span> 
     </span>
     <span class='ocr_line' id='line_1_27' title="bbox 304 3217 1346 3288; baseline 0.003 -20"><span class='ocrx_word' id='word_1_203' title='bbox 304 3223 361 3269; x_wconf 81' lang='lat' dir='ltr'><strong>tium</strong></span> <span class='ocrx_word' id='word_1_204' title='bbox 372 3223 397 3268; x_wconf 82' lang='lat' dir='ltr'><strong>in</strong></span> <span class='ocrx_word' id='word_1_205' title='bbox 406 3222 481 3282; x_wconf 76' lang='lat' dir='ltr'><strong>pretio</strong></span> <span class='ocrx_word' id='word_1_206' title='bbox 490 3228 532 3274; x_wconf 77' lang='lat' dir='ltr'><strong>ost,</strong></span> <span class='ocrx_word' id='word_1_207' title='bbox 545 3217 647 3284; x_wconf 74' lang='lat' dir='ltr'><strong>pecuma</strong></span> <span class='ocrx_word' id='word_1_208' title='bbox 661 3220 799 3269; x_wconf 70' lang='lat' dir='ltr'><strong>estimatur.</strong></span> <span class='ocrx_word' id='word_1_209' title='bbox 850 3224 972 3278; x_wconf 78' lang='lat' dir='ltr'><strong>concedat,</strong></span> <span class='ocrx_word' id='word_1_210' title='bbox 986 3222 1062 3278; x_wconf 87' lang='lat' dir='ltr'><strong>cedat,</strong></span> <span class='ocrx_word' id='word_1_211' title='bbox 1075 3231 1098 3270; x_wconf 90' lang='lat' dir='ltr'><strong>et</strong></span> <span class='ocrx_word' id='word_1_212' title='bbox 1110 3225 1172 3270; x_wconf 80' lang='lat' dir='ltr'><strong>virtu</strong></span> <span class='ocrx_word' id='word_1_213' title='bbox 1185 3238 1198 3270; x_wconf 89' lang='lat' dir='ltr'><strong>e</strong></span> <span class='ocrx_word' id='word_1_214' title='bbox 1209 3223 1279 3288; x_wconf 85' lang='lat' dir='ltr'><strong>copia</strong></span> <span class='ocrx_word' id='word_1_215' title='bbox 1289 3239 1346 3287; x_wconf 87' lang='lat' dir='ltr'><strong>poe·</strong></span> 
     </span>
     <span class='ocr_line' id='line_1_28' title="bbox 304 3292 1347 3361; baseline 0.003 -19"><span class='ocrx_word' id='word_1_216' title='bbox 304 3293 441 3342; x_wconf 67' lang='lat' dir='ltr'><strong>uatem</strong></span> <span class='ocrx_word' id='word_1_217' title='bbox 452 3294 551 3341; x_wconf 73' lang='lat' dir='ltr'><strong>bosora.</strong></span> <span class='ocrx_word' id='word_1_218' title='bbox 567 3292 799 3342; x_wconf 73' lang='lat' dir='ltr'><strong>consoninmor.</strong></span> <span class='ocrx_word' id='word_1_219' title='bbox 848 3298 898 3346; x_wconf 85' lang='lat' dir='ltr'><strong>tica</strong></span> <span class='ocrx_word' id='word_1_220' title='bbox 913 3297 1028 3346; x_wconf 81' lang='lat' dir='ltr'><strong>additum.</strong></span> <span class='ocrx_word' id='word_1_221' title='bbox 1062 3297 1165 3357; x_wconf 78' lang='lat' dir='ltr'><strong>Antiqua</strong></span> <span class='ocrx_word' id='word_1_222' title='bbox 1182 3296 1217 3343; x_wconf 84' lang='lat' dir='ltr'><strong>ita</strong></span> <span class='ocrx_word' id='word_1_223' title='bbox 1231 3297 1347 3361; x_wconf 83' lang='lat' dir='ltr'><strong>probabat</strong></span> 
     </span>
     <span class='ocr_line' id='line_1_29' title="bbox 303 3365 1347 3434; baseline 0.004 -19"><span class='ocrx_word' id='word_1_224' title='bbox 303 3365 354 3415; x_wconf 79' lang='lat' dir='ltr'><strong>viii.</strong></span> <span class='ocrx_word' id='word_1_225' title='bbox 363 3368 403 3414; x_wconf 78' lang='lat'><strong>55.</strong></span> <span class='ocrx_word' id='word_1_226' title='bbox 428 3365 527 3422; x_wconf 87' lang='lat' dir='ltr'><strong>Plinius,</strong></span> <span class='ocrx_word' id='word_1_227' title='bbox 538 3365 585 3413; x_wconf 86' lang='lat' dir='ltr'><strong>xiv.</strong></span> <span class='ocrx_word' id='word_1_228' title='bbox 596 3382 695 3432; x_wconf 83' lang='lat' dir='ltr'><strong>prooem.</strong></span> <span class='ocrx_word' id='word_1_229' title='bbox 712 3373 728 3395; x_wconf 71' lang='lat'><strong>⁴*</strong></span> <span class='ocrx_word' id='word_1_230' title='bbox 740 3367 799 3416; x_wconf 86' lang='lat' dir='ltr'><strong>Pos-</strong></span> <span class='ocrx_word' id='word_1_231' title='bbox 849 3368 892 3419; x_wconf 84' lang='lat' dir='ltr'><strong>illu</strong></span> <span class='ocrx_word' id='word_1_232' title='bbox 906 3379 973 3425; x_wconf 83' lang='lat' dir='ltr'><strong>retas,</strong></span> <span class='ocrx_word' id='word_1_233' title='bbox 990 3378 1017 3417; x_wconf 89' lang='lat' dir='ltr'><strong>ut</strong></span> <span class='ocrx_word' id='word_1_234' title='bbox 1031 3377 1056 3416; x_wconf 80' lang='lat' dir='ltr'><strong>et</strong></span> <span class='ocrx_word' id='word_1_235' title='bbox 1069 3368 1176 3418; x_wconf 86' lang='lat' dir='ltr'><strong>homiues</strong></span> <span class='ocrx_word' id='word_1_236' title='bbox 1189 3377 1213 3417; x_wconf 87' lang='lat' dir='ltr'><strong>et</strong></span> <span class='ocrx_word' id='word_1_237' title='bbox 1227 3385 1272 3425; x_wconf 84' lang='lat' dir='ltr'><strong>res,</strong></span> <span class='ocrx_word' id='word_1_238' title='bbox 1285 3386 1347 3434; x_wconf 86' lang='lat' dir='ltr'><strong>quas</strong></span> 
     </span>
     <span class='ocr_line' id='line_1_30' title="bbox 304 3438 1347 3505; baseline 0.005 -17"><span class='ocrx_word' id='word_1_239' title='bbox 304 3439 360 3488; x_wconf 85' lang='lat' dir='ltr'><strong>teris</strong></span> <span class='ocrx_word' id='word_1_240' title='bbox 375 3438 462 3487; x_wconf 82' lang='lat' dir='ltr'><strong>laxitas</strong></span> <span class='ocrx_word' id='word_1_241' title='bbox 476 3438 566 3495; x_wconf 88' lang='lat' dir='ltr'><strong>muudi.</strong></span> <span class='ocrx_word' id='word_1_242' title='bbox 581 3450 605 3489; x_wconf 83' lang='lat' dir='ltr'><strong>et</strong></span> <span class='ocrx_word' id='word_1_243' title='bbox 622 3456 698 3489; x_wconf 88' lang='lat' dir='ltr'><strong>rerum</strong></span> <span class='ocrx_word' id='word_1_244' title='bbox 715 3439 799 3505; x_wconf 86' lang='lat' dir='ltr'><strong>ampli·</strong></span> <span class='ocrx_word' id='word_1_245' title='bbox 849 3442 1047 3497; x_wconf 84' lang='lat' dir='ltr'><strong>extollerevellet‚</strong></span> <span class='ocrx_word' id='word_1_246' title='bbox 1056 3447 1271 3504; x_wconf 79' lang='lat' dir='ltr'><strong>antiquosvocarat.</strong></span> <span class='ocrx_word' id='word_1_247' title='bbox 1281 3444 1347 3493; x_wconf 86' lang='lat' dir='ltr'><strong>Vide</strong></span> 
     </span>
     <span class='ocr_line' id='line_1_31' title="bbox 305 3511 1345 3580; baseline 0.003 -19"><span class='ocrx_word' id='word_1_248' title='bbox 305 3512 363 3561; x_wconf 90' lang='lat' dir='ltr'><strong>tudo</strong></span> <span class='ocrx_word' id='word_1_249' title='bbox 380 3511 467 3561; x_wconf 86' lang='lat' dir='ltr'><strong>damno</strong></span> <span class='ocrx_word' id='word_1_250' title='bbox 484 3511 536 3569; x_wconf 88' lang='lat' dir='ltr'><strong>luit,</strong></span> <span class='ocrx_word' id='word_1_251' title='bbox 555 3522 680 3578; x_wconf 82' lang='lat' dir='ltr'><strong>postquem</strong></span> <span class='ocrx_word' id='word_1_252' title='bbox 701 3515 800 3563; x_wconf 85' lang='lat' dir='ltr'><strong>Senator</strong></span> <span class='ocrx_word' id='word_1_253' title='bbox 849 3516 934 3564; x_wconf 84' lang='lat' dir='ltr'><strong>uosad</strong></span> <span class='ocrx_word' id='word_1_254' title='bbox 948 3516 1178 3580; x_wconf 82' lang='lat' dir='ltr'><strong>Plinium,pan.95.</strong></span> <span class='ocrx_word' id='word_1_255' title='bbox 1211 3519 1345 3572; x_wconf 63' lang='lat' dir='ltr'><strong>:tanimu-</strong></span> 
     </span>
     <span class='ocr_line' id='line_1_32' title="bbox 304 3585 1347 3656; baseline 0.002 -18"><span class='ocrx_word' id='word_1_256' title='bbox 304 3603 372 3638; x_wconf 80' lang='lat' dir='ltr'><strong>csnsu</strong></span> <span class='ocrx_word' id='word_1_257' title='bbox 387 3585 435 3651; x_wconf 87' lang='lat' dir='ltr'><strong>legi</strong></span> <span class='ocrx_word' id='word_1_258' title='bbox 451 3595 553 3650; x_wconf 72' lang='lat' dir='ltr'><strong>emptus,</strong></span> <span class='ocrx_word' id='word_1_259' title='bbox 571 3587 646 3653; x_wconf 82' lang='lat' dir='ltr'><strong>judex</strong></span> <span class='ocrx_word' id='word_1_260' title='bbox 664 3587 714 3636; x_wconf 85' lang='lat' dir='ltr'><strong>fieri</strong></span> <span class='ocrx_word' id='word_1_261' title='bbox 732 3603 800 3634; x_wconf 83' lang='lat' dir='ltr'><strong>censu</strong></span> <span class='ocrx_word' id='word_1_262' title='bbox 848 3605 886 3638; x_wconf 87' lang='lat' dir='ltr'><strong>res</strong></span> <span class='ocrx_word' id='word_1_263' title='bbox 897 3590 1015 3656; x_wconf 86' lang='lat' dir='ltr'><strong>temporis.</strong></span> <span class='ocrx_word' id='word_1_264' title='bbox 1033 3591 1112 3638; x_wconf 80' lang='lat' dir='ltr'><strong>Colore</strong></span> <span class='ocrx_word' id='word_1_265' title='bbox 1121 3607 1210 3647; x_wconf 73' lang='lat' dir='ltr'><strong>morem,</strong></span> <span class='ocrx_word' id='word_1_266' title='bbox 1221 3591 1347 3640; x_wconf 77' lang='lat' dir='ltr'><strong>observare</strong></span> 
     </span>
     <span class='ocr_line' id='line_1_33' title="bbox 305 3660 946 3727; baseline 0.003 -17"><span class='ocrx_word' id='word_1_267' title='bbox 305 3661 467 3727; x_wconf 78' lang='lat' dir='ltr'><strong>magistratum</strong></span> <span class='ocrx_word' id='word_1_268' title='bbox 489 3660 622 3726; x_wconf 87' lang='lat' dir='ltr'><strong>ducemque</strong></span> <span class='ocrx_word' id='word_1_269' title='bbox 643 3662 702 3711; x_wconf 84' lang='lat' dir='ltr'><strong>nihil</strong></span> <span class='ocrx_word' id='word_1_270' title='bbox 726 3661 801 3725; x_wconf 83' lang='lat' dir='ltr'><strong>magis</strong></span> <span class='ocrx_word' id='word_1_271' title='bbox 848 3678 946 3712; x_wconf 79' lang='lat' dir='ltr'><strong>morem.</strong></span> 
     </span>
     <span class='ocr_line' id='line_1_34' title="bbox 305 3735 1348 3803; baseline 0.002 -17"><span class='ocrx_word' id='word_1_272' title='bbox 305 3751 426 3791; x_wconf 77' lang='lat' dir='ltr'><strong>exornare,</strong></span> <span class='ocrx_word' id='word_1_273' title='bbox 438 3751 509 3801; x_wconf 84' lang='lat' dir='ltr'><strong>quam</strong></span> <span class='ocrx_word' id='word_1_274' title='bbox 522 3735 625 3786; x_wconf 79' lang='lat' dir='ltr'><strong>census.”</strong></span> <span class='ocrx_word' id='word_1_275' title='bbox 659 3736 733 3791; x_wconf 74' lang='lat' dir='ltr'><strong>loces,</strong></span> <span class='ocrx_word' id='word_1_276' title='bbox 744 3750 800 3783; x_wconf 84' lang='lat' dir='ltr'><strong>eon·</strong></span> <span class='ocrx_word' id='word_1_277' title='bbox 881 3737 1020 3786; x_wconf 73' lang='lat' dir='ltr'><strong>att-25⁴.</strong></span> <span class='ocrx_word' id='word_1_278' title='bbox 1038 3738 1180 3789; x_wconf 75' lang='lat' dir='ltr'><strong>Dsqdvenru</strong></span> <span class='ocrx_word' id='word_1_279' title='bbox 1190 3738 1295 3791; x_wconf 79' lang='lat' dir='ltr'><strong>Saturni,</strong></span> <span class='ocrx_word' id='word_1_280' title='bbox 1304 3740 1348 3803; x_wconf 88' lang='lat' dir='ltr'><strong>qui</strong></span> 
     </span>
     <span class='ocr_line' id='line_1_35' title="bbox 304 3807 1346 3876; baseline 0.002 -18"><span class='ocrx_word' id='word_1_281' title='bbox 304 3809 425 3865; x_wconf 84' lang='lat' dir='ltr'><strong>temnitur.</strong></span> <span class='ocrx_word' id='word_1_282' title='bbox 447 3824 491 3858; x_wconf 86' lang='lat' dir='ltr'><strong>uec</strong></span> <span class='ocrx_word' id='word_1_283' title='bbox 516 3807 616 3858; x_wconf 84' lang='lat' dir='ltr'><strong>lionores</strong></span> <span class='ocrx_word' id='word_1_284' title='bbox 640 3808 799 3873; x_wconf 77' lang='lat' dir='ltr'><strong>consequitur,</strong></span> <span class='ocrx_word' id='word_1_285' title='bbox 849 3810 1014 3860; x_wconf 83' lang='lat' dir='ltr'><strong>ecoeloJovis</strong></span> <span class='ocrx_word' id='word_1_286' title='bbox 1027 3826 1092 3859; x_wconf 87' lang='lat' dir='ltr'><strong>arms</strong></span> <span class='ocrx_word' id='word_1_287' title='bbox 1108 3811 1199 3876; x_wconf 81' lang='lat' dir='ltr'><strong>fugiens</strong></span> <span class='ocrx_word' id='word_1_288' title='bbox 1212 3811 1243 3859; x_wconf 84' lang='lat' dir='ltr'><strong>ad</strong></span> <span class='ocrx_word' id='word_1_289' title='bbox 1256 3811 1346 3861; x_wconf 84' lang='lat' dir='ltr'><strong>Jauum</strong></span> 
     </span>
     <span class='ocr_line' id='line_1_36' title="bbox 306 3882 1347 3950; baseline 0.003 -18"><span class='ocrx_word' id='word_1_290' title='bbox 306 3898 350 3932; x_wconf 89' lang='lat' dir='ltr'><strong>uec</strong></span> <span class='ocrx_word' id='word_1_291' title='bbox 361 3882 487 3933; x_wconf 79' lang='lat' dir='ltr'><strong>amicitias.</strong></span> <span class='ocrx_word' id='word_1_292' title='bbox 849 3885 922 3940; x_wconf 86' lang='lat' dir='ltr'><strong>venit,</strong></span> <span class='ocrx_word' id='word_1_293' title='bbox 943 3887 974 3933; x_wconf 88' lang='lat' dir='ltr'><strong>ub</strong></span> <span class='ocrx_word' id='word_1_294' title='bbox 994 3901 1070 3950; x_wconf 88' lang='lat' dir='ltr'><strong>eoque</strong></span> <span class='ocrx_word' id='word_1_295' title='bbox 1095 3885 1196 3949; x_wconf 85' lang='lat' dir='ltr'><strong>bospitio</strong></span> <span class='ocrx_word' id='word_1_296' title='bbox 1221 3894 1347 3949; x_wconf 82' lang='lat' dir='ltr'><strong>exceptus,</strong></span> 
     </span>
    </p>

    <p class='ocr_par' dir='ltr' id='par_1_13' title="bbox 306 3956 1349 4244">
     <span class='ocr_line' id='line_1_37' title="bbox 339 3956 1348 4022; baseline 0.003 -17"><span class='ocrx_word' id='word_1_297' title='bbox 339 3957 395 4005; x_wconf 78' lang='lat'><strong>219.</strong></span> <span class='ocrx_word' id='word_1_298' title='bbox 417 3956 466 4005; x_wconf 86' lang='lat' dir='ltr'><strong>Cur</strong></span> <span class='ocrx_word' id='word_1_299' title='bbox 492 3958 571 4004; x_wconf 66' lang='lat' dir='ltr'><strong>uland</strong></span> <span class='ocrx_word' id='word_1_300' title='bbox 596 3960 684 4005; x_wconf 76' lang='lat' dir='ltr'><strong>numni</strong></span> <span class='ocrx_word' id='word_1_301' title='bbox 709 3956 802 4006; x_wconf 83' lang='lat' dir='ltr'><strong>dentur.</strong></span> <span class='ocrx_word' id='word_1_302' title='bbox 851 3958 919 4007; x_wconf 88' lang='lat' dir='ltr'><strong>Latio</strong></span> <span class='ocrx_word' id='word_1_303' title='bbox 934 3974 1018 4007; x_wconf 87' lang='lat' dir='ltr'><strong>nomen</strong></span> <span class='ocrx_word' id='word_1_304' title='bbox 1035 3958 1110 4016; x_wconf 85' lang='lat' dir='ltr'><strong>dedit,</strong></span> <span class='ocrx_word' id='word_1_305' title='bbox 1128 3968 1153 4008; x_wconf 85' lang='lat' dir='ltr'><strong>ot</strong></span> <span class='ocrx_word' id='word_1_306' title='bbox 1169 3958 1348 4022; x_wconf 81' lang='lat' dir='ltr'><strong>Aboriginibus,</strong></span> 
     </span>
     <span class='ocr_line' id='line_1_38' title="bbox 309 4029 1348 4097; baseline 0.003 -18"><span class='ocrx_word' id='word_1_307' title='bbox 309 4029 800 4094; x_wconf 74' lang='lat' dir='ltr'><strong>Quaerls‚iortassequaris;0vidiusenim</strong></span> <span class='ocrx_word' id='word_1_308' title='bbox 850 4031 971 4080; x_wconf 84' lang='lat' dir='ltr'><strong>homiuum</strong></span> <span class='ocrx_word' id='word_1_309' title='bbox 994 4034 1075 4096; x_wconf 79' lang='lat' dir='ltr'><strong>generi</strong></span> <span class='ocrx_word' id='word_1_310' title='bbox 1102 4032 1198 4097; x_wconf 77' lang='lat' dir='ltr'><strong>agresti,</strong></span> <span class='ocrx_word' id='word_1_311' title='bbox 1225 4033 1348 4082; x_wconf 85' lang='lat' dir='ltr'><strong>meliorem</strong></span> 
     </span>
     <span class='ocr_line' id='line_1_39' title="bbox 307 4103 1349 4172; baseline 0.004 -19"><span class='ocrx_word' id='word_1_312' title='bbox 307 4107 493 4169; x_wconf 74' lang='lat' dir='ltr'><strong>nouqueslerst.</strong></span> <span class='ocrx_word' id='word_1_313' title='bbox 526 4103 560 4159; x_wconf 83' lang='lat' dir='ltr'><strong>Si,</strong></span> <span class='ocrx_word' id='word_1_314' title='bbox 571 4103 721 4154; x_wconf 71' lang='lat' dir='ltr'><strong>an.1.enzius</strong></span> <span class='ocrx_word' id='word_1_315' title='bbox 732 4106 802 4155; x_wconf 86' lang='lat' dir='ltr'><strong>verba</strong></span> <span class='ocrx_word' id='word_1_316' title='bbox 850 4106 940 4154; x_wconf 83' lang='lat' dir='ltr'><strong>cultum</strong></span> <span class='ocrx_word' id='word_1_317' title='bbox 953 4105 1049 4164; x_wconf 87' lang='lat' dir='ltr'><strong>intulit;</strong></span> <span class='ocrx_word' id='word_1_318' title='bbox 1068 4105 1151 4172; x_wconf 87' lang='lat' dir='ltr'><strong>Virgil.</strong></span> <span class='ocrx_word' id='word_1_319' title='bbox 1166 4108 1223 4155; x_wconf 81' lang='lat' dir='ltr'><strong>AEn.</strong></span> <span class='ocrx_word' id='word_1_320' title='bbox 1236 4105 1286 4155; x_wconf 78' lang='lat' dir='ltr'><strong>viii.</strong></span> <span class='ocrx_word' id='word_1_321' title='bbox 1297 4108 1349 4157; x_wconf 82' lang='grc'><strong>316</strong></span> 
     </span>
     <span class='ocr_line' id='line_1_40' title="bbox 306 4176 1349 4244; baseline 0.003 -17"><span class='ocrx_word' id='word_1_322' title='bbox 306 4176 340 4227; x_wconf 85' lang='lat' dir='ltr'><strong>sie</strong></span> <span class='ocrx_word' id='word_1_323' title='bbox 351 4176 483 4241; x_wconf 84' lang='lat' dir='ltr'><strong>conjungit,</strong></span> <span class='ocrx_word' id='word_1_324' title='bbox 496 4176 522 4224; x_wconf 86' lang='lat' dir='ltr'><strong>Si</strong></span> <span class='ocrx_word' id='word_1_325' title='bbox 534 4185 644 4226; x_wconf 78' lang='lat' dir='ltr'><strong>nttomen</strong></span> <span class='ocrx_word' id='word_1_326' title='bbox 654 4181 735 4241; x_wconf 81' lang='lat' dir='ltr'><strong>queris</strong></span> <span class='ocrx_word' id='word_1_327' title='bbox 743 4183 802 4227; x_wconf 79' lang='lat' dir='ltr'><strong>sitne</strong></span> <span class='ocrx_word' id='word_1_328' title='bbox 849 4194 902 4244; x_wconf 85' lang='lat' dir='ltr'><strong>sqq.</strong></span> <span class='ocrx_word' id='word_1_329' title='bbox 936 4179 998 4227; x_wconf 82' lang='lat' dir='ltr'><strong>Vide</strong></span> <span class='ocrx_word' id='word_1_330' title='bbox 1012 4179 1099 4243; x_wconf 84' lang='lat' dir='ltr'><strong>Heynii</strong></span> <span class='ocrx_word' id='word_1_331' title='bbox 1114 4181 1241 4236; x_wconf 78' lang='lat' dir='ltr'><strong>Brennus,</strong></span> <span class='ocrx_word' id='word_1_332' title='bbox 1251 4179 1277 4229; x_wconf 90' lang='lat' dir='ltr'><strong>ii.</strong></span> <span class='ocrx_word' id='word_1_333' title='bbox 1288 4188 1313 4228; x_wconf 83' lang='lat' dir='ltr'><strong>et</strong></span> <span class='ocrx_word' id='word_1_334' title='bbox 1324 4197 1349 4230; x_wconf 82' lang='lat' dir='ltr'><strong>s.</strong></span> 
     </span>
    </p>
   </div>
   <div class='ocr_carea' id='block_1_5' title="bbox 0 0 1423 5018">
    <p class='ocr_par' dir='ltr' id='par_1_14' title="bbox 0 0 1423 5018">
     <span class='ocr_line' id='line_1_41' title="bbox 0 0 1423 5018; baseline 0 0"><span class='ocrx_word' id='word_1_335' title='bbox 0 0 1423 5018; x_wconf 95' lang='lat' dir='ltr'><strong> </strong></span> 
     </span>
    </p>
   </div>
  </div>
 </body>
</html>
