2806 5018
307 362 370 428 10⁴
602 362 641 425 Ρ.
664 360 827 427 OVIDII
850 361 1062 427 NASONIS

309 533 450 607 Brutus
469 544 550 607 erat
567 534 672 606 stulti
691 535 842 631 sapiens
860 534 1036 621 imitator,
1056 544 1098 608 ut
1115 546 1219 609 esset

357 647 479 721 Tutus
498 650 545 722 ab
563 648 720 731 insidiis,
741 649 820 722 dire
840 649 1023 746 Superbe,
1042 649 1132 722 tuis.

307 763 379 837 Ille
396 774 539 852 tacens,
559 788 698 862 pronus
716 765 825 837 matri
842 765 947 838 dedit
966 765 1097 837 oscula
1113 763 1252 850 Terrae,

359 879 536 953 Creditus
554 881 698 952 offenso
715 880 958 977 procubuisse
976 880 1086 978 pede.
1280 884 1347 952 720

308 993 481 1090 Cingitur
498 995 640 1070 interea
658 994 840 1068 Romanis
859 995 985 1068 Ardea
1003 994 1133 1090 signis,

359 1108 409 1182 Et
426 1111 568 1208 patitur
585 1113 707 1185 lentas
725 1111 920 1185 obsidione
938 1135 1073 1184 moras.

308 1225 410 1298 Dum
431 1237 552 1315 vacat,
581 1238 620 1301 et
646 1238 819 1301 metuunt
845 1227 974 1300 hostes
1001 1227 1236 1327 committere
1259 1249 1347 1324 pug-

358 1339 516 1414 Luditur
533 1342 570 1414 in
588 1343 742 1416 castris:
773 1341 850 1415 otia
867 1343 975 1415 miles
993 1341 1083 1438 agit.
1236 1342 1346 1436 [unm

307 1452 533 1551 Tarquinius
542 1456 692 1552 juvenis
703 1456 824 1530 socios
837 1457 1076 1555 dapibusque
1087 1479 1270 1552 meroque
1280 1459 1347 1528 725

357 1569 520 1667 Accipit,
541 1580 655 1666 atque
673 1570 746 1642 illis
765 1595 853 1667 rege
871 1581 1019 1645 creatus
1038 1570 1115 1644 ait:

308 1682 410 1756 Dum
428 1709 495 1757 nos
513 1685 674 1758 difficilis
693 1685 799 1782 pigro
816 1696 920 1759 tenet
937 1686 1063 1759 Ardea
1079 1685 1192 1772 bello,

359 1797 441 1873 Nec
460 1799 548 1871 sinit
565 1799 612 1872 ad
631 1800 772 1897 patrios
790 1823 893 1873 arma
910 1800 1045 1874 referre
1065 1800 1194 1874 Deos:

338 2032 396 2080 717.
414 2032 444 2079 L.
459 2031 547 2081 innius
562 2033 652 2082 Bruttus
668 2033 805 2098 Tarquinia,
855 2042 879 2082 et
894 2032 1023 2083 Collatiam
1037 2033 1152 2090 lecerunt,
1163 2043 1303 2082 noetnmun
1316 2036 1346 2081 ls-

306 2108 368 2171 regis
393 2123 479 2162 sorore,
502 2116 580 2163 natus,
610 2124 682 2172 quum
709 2109 805 2156 fratrem
854 2110 998 2155 dnmrocat.

306 2198 376 2230 suurn
387 2197 433 2230 une
445 2197 499 2229 cum
511 2181 650 2246 primoribus
661 2181 764 2229 civitatis
774 2182 805 2229 ab
887 2182 942 2229 725.
959 2180 998 2228 De
1019 2179 1063 2227 hoe
1085 2179 1204 2235 convivio,
1225 2181 1346 2229 certamine

308 2255 426 2305 avunculo
439 2255 588 2303 interiectum
600 2254 737 2311 audivisset,
748 2270 803 2303 con·
854 2253 887 2301 ibi
899 2269 1007 2308 accenso,
1019 2253 1150 2316 itinereque
1163 2254 1285 2302 communi
1295 2252 1346 2302 nihil

306 2336 382 2376 terntu
403 2337 468 2375 tutus
487 2330 514 2374 ot
541 2330 629 2375 insidiis
649 2343 701 2376 esse
720 2328 803 2376 voluit.
854 2326 926 2374 habet
936 2324 1037 2390 Dionys
1048 2325 1241 2381 sesamoides.
1255 2329 1346 2389 Accipit.

307 2401 370 2464 Ergo
381 2400 411 2448 de
421 2400 538 2450 industria
551 2403 618 2448 siusili
632 2399 804 2450 simulationem
853 2408 965 2465 utsiepe.
1000 2402 1074 2461 Atque
1086 2400 1142 2447 illis.
1159 2400 1227 2447 Olim
1243 2400 1347 2448 edebes

307 2473 394 2530 induit,
415 2489 440 2522 se
462 2489 552 2538 sueque
573 2473 658 2539 praedae
683 2490 733 2522 esse
755 2473 804 2538 regi
853 2474 913 2521 iiiii.-
940 2481 991 2520 tum
1009 2472 1121 2522 Heinsius
1142 2473 1228 2537 corrigi
1249 2474 1347 2528 solebat,

308 2562 392 2612 pessus
402 2557 530 2610 estusque
543 2546 614 2594 Bruti
625 2546 739 2611 (stupidi)
750 2563 804 2612 cog·
845 2551 944 2609 juvenes
969 2551 1043 2602 moins,
1064 2555 1092 2594 ut
1114 2547 1260 2610 Tarquinius
1287 2556 1348 2613 peter

309 2634 393 2667 nornen
408 2619 505 2677 abnuit;
524 2619 576 2667 Liv.
591 2630 615 2668 et
628 2620 728 2682 Dionys.
761 2620 805 2668 Su·
850 2621 951 2685 juvenes
961 2620 1069 2669 convivio
1084 2619 1229 2686 excepisset,
1241 2631 1313 2687 etque
1322 2637 1346 2669 ex

306 2692 442 2755 perherbio
462 2700 590 2757 spectatur,
609 2702 636 2740 ut
653 2709 737 2741 nomen
752 2711 805 2758 pro·
853 2693 901 2741 illis
917 2693 1045 2759 juvenibus
1066 2694 1161 2749 Sextus,
1181 2711 1235 2760 rege
1257 2707 1347 2749 erectos

296 2766 395 2832 prium.
429 2765 507 2813 Etiam
527 2765 617 2822 Livius,
635 2765 661 2815 ii.
680 2768 709 2814 l:
732 2769 804 2816 “Su-
854 2782 983 2815 sermonem
1004 2767 1110 2816 intulisse
1133 2777 1276 2817 narraretur.
1306 2766 1347 2816 Sed

308 2839 380 2904 perbo
390 2848 473 2887 exacto
481 2839 562 2902 rege.”
576 2841 674 2896 Pronus,
682 2841 805 2905 prolapsus
855 2840 899 2888 lroc
923 2841 1059 2890 adversetur
1085 2840 1160 2897 Livio,
1182 2842 1248 2908 apud
1276 2858 1347 2908 quein,

308 2911 369 2960 secie
396 2911 502 2967 humum,
523 2912 562 2959 vel
583 2928 656 2977 quum
678 2911 765 2961 exisset
790 2930 804 2963 e
855 2914 951 2963 “Forte
967 2914 1103 2979 potentibus
1123 2915 1160 2962 bis
1176 2914 1242 2980 npud
1256 2917 1348 2965 Sextum

307 2985 405 3051 templo,
414 2985 451 3033 val
458 2984 553 3033 ltaliam
561 2984 687 3048 ingressus.
704 2985 805 3050 Dionys.
853 2987 1018 3052 Tarquinium,
1031 2989 1071 3036 ubi
1085 2995 1109 3037 et
1124 2986 1260 3038 Collatinus
1273 3004 1348 3039 coent·

307 3059 332 3108 d.
348 3059 366 3107 l.
401 3059 485 3106 Taceris
499 3058 643 3106 simulationi
658 3058 726 3106 Bruti
743 3060 803 3108 bene
854 3061 980 3116 bat,''etc.

307 3133 432 3183 convenire
443 3131 536 3181 videtur
547 3133 630 3180 Burm.
886 3135 941 3181 727.
960 3134 1040 3182 Livius
1055 3144 1164 3182 tantum:
1192 3136 1304 3185 “incidit
1321 3135 1347 3182 de

339 3208 395 3255 721.
408 3206 508 3271 Propius
517 3203 646 3253 noceditnd
654 3205 803 3269 regifugium.
854 3208 964 3256 uxoribus
985 3207 1100 3255 mentio.”
1133 3207 1236 3256 Ovidius
1264 3209 1348 3262 delinit,

307 3280 445 3334 DeArdeae,
454 3278 674 3334 urbisRutulorum,
682 3279 804 3327 obsidione
854 3281 930 3346 qualis
951 3281 993 3330 illa
1010 3281 1088 3329 fuerit.
1122 3280 1242 3344 Difficilis,
1263 3283 1348 3332 seilicet

307 3353 338 3402 ci.
363 3351 463 3414 Dionys.
484 3351 517 3400 iv.
539 3352 586 3409 643
615 3351 704 3407 Livius.
727 3351 743 3399 i.
764 3352 804 3400 57.
855 3354 929 3410 aditu,
945 3361 1091 3418 expugnatu.
1126 3353 1234 3418 Pigrum,
1249 3357 1348 3421 longum.

309 3427 421 3490 Cingitur
437 3423 566 3478 obsidione,
585 3433 709 3488 postquam
729 3424 804 3490 primo
855 3428 938 3475 Horat.
951 3428 972 3475 Ι.
983 3429 1028 3491 Ep.
1041 3427 1057 3473 i.
1071 3429 1110 3474 21.
1128 3433 1145 3455 ‘⁸
1154 3440 1182 3475 ut
1193 3429 1263 3492 piger
1278 3444 1348 3478 annm

307 3495 614 3563 impetucapinonpotuit.
647 3497 706 3545 Inde
719 3500 805 3545 lentum
854 3500 958 3565 pupillis.
991 3502 1093 3557 Sociolis,
1117 3501 1259 3564 conjugalis.
1292 3504 1348 3568 lpse

307 3569 805 3635 magisscillongum,quamacrebellum.
855 3573 1025 3622 uxoresintell.
1052 3573 1164 3636 lucrffieio
1176 3585 1218 3622 est.
1238 3575 1348 3624 Limviii.

306 3645 346 3693 De
356 3659 407 3691 voc.
420 3646 494 3691 butus
505 3643 557 3692 vide
570 3644 641 3692 Bent.
654 3644 685 3692 nd
696 3646 804 3699 Horatl,
858 3649 902 3695 19:
929 3655 944 3675 ¹⁴
953 3648 1079 3695 Fundanos
1097 3647 1121 3695 in
1139 3648 1217 3697 officio
1233 3650 1313 3705 esse,”
1328 3648 1349 3695 in

306 3721 352 3784 Ep.
365 3718 383 3765 i.
393 3718 434 3765 21.
466 3717 545 3772 Vacat,
558 3718 679 3782 quiescit.
714 3719 805 3766 Ludere
855 3721 909 3777 fide,
919 3722 999 3770 fideles
1007 3741 1014 3782 3
1030 3721 1101 3769 Trist.
1110 3723 1142 3771 V.
1151 3721 1203 3770 xiv.
1214 3725 1257 3772 26.
1271 3731 1287 3752 ‘⁴
1296 3723 1350 3771 nibil

307 3792 338 3841 de
353 3792 423 3839 rebus
438 3804 485 3838 non
501 3789 576 3844 seriis,
598 3806 651 3853 que
668 3790 728 3837 fiunt
745 3800 803 3838 tem·
854 3795 939 3851 officio,
961 3804 1044 3859 nupta,
1066 3795 1128 3859 quod
1150 3796 1236 3853 obstet,
1258 3797 1351 3846 habeu’

306 3865 368 3932 poris
379 3863 476 3912 fallendi
492 3880 573 3912 causa.
607 3864 695 3918 Livius,
708 3865 803 3927 “Regii
856 3870 919 3916 Cura
932 3869 1025 3924 dicitur,
1037 3879 1060 3917 et
1072 3868 1100 3923 is,
1115 3868 1155 3933 qui
1172 3879 1275 3920 amatur.
1308 3871 1351 3919 FA-

303 3941 404 4006 juvenes
432 3938 551 3985 interdum
584 3936 658 3984 otium
690 3937 803 3985 conviviis
853 3942 907 3990 dem
934 3958 1004 3991 sensu
1026 3942 1114 3998 Caesar,
1140 3944 1165 3991 in
1187 3944 1259 3994 Bello
1284 3945 1353 3994 Alex.

307 4011 562 4074 comessationibusque
574 4012 804 4058 interseterebant.”
854 4026 959 4064 mutuom
970 4019 1061 4063 antire,
1080 4015 1145 4063 Lm«.

305 4087 367 4135 Tum
377 4086 422 4134 iter
437 4099 526 4140 eorum,
537 4082 600 4146 quod
617 4091 686 4131 noctu
702 4084 804 4132 Romam
