2806 5018
347 362 608 427 FASTORUM
632 361 725 427 LIB.
749 362 818 428 111.
1044 367 1108 437 159

56 534 207 608 Oscula
223 544 415 607 sumturus
433 536 558 608 subito
577 533 683 609 Mars
701 535 866 632 adspicit
884 535 1055 611 Annam:

106 648 144 720 N
147 673 221 722 unc
239 650 360 747 pudor
377 651 537 735 elusum,
556 674 655 723 nunc
675 650 778 724 subit
790 650 856 735 ira,
878 650 1016 726 Deum.

54 763 176 838 Ridet
192 775 400 838 amatorem
418 789 514 838 carae
533 790 629 839 nova
647 766 744 839 Diva
763 765 966 856 Minervae3

104 879 144 952 N
147 904 192 954 ec
209 904 269 954 res
287 880 358 953 hac
377 879 514 953 Veneri
532 882 671 975 gratior·
689 882 765 955 ulla
781 880 865 955 fuit.

54 994 155 1069 Inde
169 996 248 1091 joci
260 1007 406 1070 veteres
424 997 678 1092 obscaenaque
691 997 794 1070 dicta
810 1008 1015 1088 canuntur;
1038 1002 1111 1074 695

109 1111 162 1185 Et
174 1114 283 1207 juvat
300 1113 396 1186 hanc
415 1137 553 1209 magno
571 1113 685 1186 verba
701 1113 852 1186 dedisse
872 1112 968 1209 Deo.

55 1226 324 1301 Praeteriturus
342 1252 443 1301 eram
461 1229 605 1324 gladios
624 1228 662 1300 in
680 1227 977 1326 principalium,

111 1339 240 1425 Quum
259 1343 313 1416 sic
332 1367 355 1416 a
371 1343 487 1416 castis
506 1343 625 1416 Vesta
641 1343 767 1415 locuta
784 1342 897 1416 locis:

56 1456 96 1531 N
99 1481 121 1532 e
139 1458 271 1532 dubim
287 1460 524 1540 meminisse:
554 1482 662 1532 meus
679 1458 750 1530 suit
767 1458 830 1531 ille
847 1456 1044 1531 sacerdos:

64 1584 67 1588 '
86 1579 89 1587 ’
111 1573 315 1670 Sacrilegae
335 1575 420 1647 telis
436 1600 500 1664 me
518 1575 660 1672 petiere
679 1599 826 1646 manus.
1040 1579 1114 1648 700

58 1688 152 1786 Ipsa
167 1689 286 1761 virum
304 1691 432 1787 rapui3
463 1691 740 1788 simulacraque
758 1689 861 1762 nuda
878 1689 1033 1787 reliqui:

111 1804 208 1888 Quae
226 1806 363 1879 cecidit
380 1805 487 1891 ferro,
509 1806 670 1881 Caesaris
689 1806 823 1879 umbra
840 1804 921 1877 suit.

58 1920 133 1993 Ille
151 1922 305 2017 quidem
324 1923 419 1996 coelo
437 1923 582 2021 positus
600 1922 705 1995 Jovis
723 1920 817 1994 atria
835 1931 979 2008 servat;

112 2034 163 2108 Et
181 2047 285 2111 tenet
302 2037 340 2112 in
358 2062 495 2134 magno
513 2038 656 2136 templa
673 2037 799 2109 dicata
815 2035 906 2107 loro.

56 2151 113 2224 At
131 2151 362 2249 quicumque
380 2154 485 2230 nefas
504 2156 598 2242 ausi,
613 2153 835 2253 prohibente
855 2150 1021 2224 Deorum
1040 2155 1112 2225 705

113 2265 291 2354 Numine,
312 2269 523 2367 polluerant
539 2269 756 2370 pontificale
774 2277 901 2364 caput,

55 2491 227 2540 antenotavit.
263 2493 352 2542 Deduol
368 2495 559 2546 solemuedefe·
610 2507 635 2547 et
644 2514 667 2545 v.
677 2497 733 2545 419.
741 2495 821 2544 Veste
829 2508 896 2542 sacra
908 2493 1044 2558 etAugusti
1054 2509 1112 2559 pou-

56 2563 139 2620 minis,
149 2579 203 2628 que
218 2567 360 2617 concubitus
376 2569 501 2626 causa,ad
516 2569 559 2619 ali·
609 2571 715 2620 tincatus
741 2568 925 2633 conjunguntur.
959 2566 1112 2630 Figrueutum

55 2654 133 2702 quem
140 2637 165 2685 iu
172 2637 302 2688 thalsumm
309 2640 468 2691 deducuntur.
481 2645 559 2692 Ridet.
611 2658 657 2692 nou
674 2642 773 2698 malum,
785 2658 833 2706 quo
848 2657 894 2690 uon
910 2643 956 2697 uir,
966 2640 1048 2690 Cesar
1061 2641 1113 2706 ipse

54 2713 199 2761 Taubuerus
214 2721 294 2762 tuetur
306 2715 426 2779 vulgatum
438 2718 520 2774 Ludis,
534 2729 560 2767 ut
609 2717 757 2770 interfectus,
781 2715 823 2763 sed
850 2717 1008 2769 amnuerunt,
1034 2714 1114 2778 imago

54 2792 131 2842 poeta
147 2785 193 2833 hac
211 2787 353 2852 apostropha
370 2787 401 2836 ad
417 2791 506 2838 elusum
524 2791 559 2838 al-
609 2793 669 2855 ejus,
680 2790 777 2839 dicitur.
815 2789 1028 2837 Umhraauternet
1043 2791 1113 2836 simu·

54 2858 135 2907 ludat.
172 2858 274 2906 Rectius
300 2875 363 2908 nnuc
388 2877 471 2910 seusus
498 2863 557 2911 Dea
611 2868 700 2913 lacrum
715 2865 749 2912 ita
762 2864 905 2928 junguntur.
940 2863 1021 2918 Nudo,
1037 2877 1113 2911 mera.

55 2940 209 2982 memoratur.
237 2932 342 2982 Ridebat
352 2944 376 2983 at
387 2935 428 2984 illa
438 2945 462 2985 et
478 2937 559 2994 Venus,
609 2938 729 2986 Ceterum
742 2937 782 2984 Dii
793 2936 912 2984 interdurn
929 2933 1029 2989 homini,
1042 2949 1114 2999 quem

56 3005 128 3071 eujus
137 3016 207 3055 ratus
215 3015 305 3055 amator
314 3006 348 3055 sic
359 3008 482 3074 deceptus.
608 3027 701 3059 servare
719 3010 817 3064 vellent,
827 3024 913 3073 corpus
930 3005 1112 3061 substituebant,

90 3080 230 3128 ost—710.
243 3079 386 3129 cedesrutti
396 3083 560 3132 Caesurislecta
609 3093 636 3133 ut
650 3085 729 3132 Diana
745 3082 874 3147 Iphigenia
891 3077 1041 3129 immolandas
1059 3093 1109 3126 cer·

55 3152 144 3201 Idibus
152 3152 235 3201 Msrtii
245 3169 305 3201 auno
317 3155 378 3213 7073
391 3156 432 3219 qui
443 3155 494 3204 dies
504 3156 559 3204 iude
613 3173 666 3206 vam
679 3158 739 3204 Met.
751 3154 791 3203 xil.
802 3157 843 3202 24.

54 3228 211 3289 punctatim
219 3225 309 3287 dictus3
319 3227 513 3278 SuetoniusCas.
523 3232 563 3278 88.
646 3230 702 3277 703.
730 3229 835 3275 Minores
854 3224 897 3273 Dii
918 3223 1033 3272 nobilium
1051 3226 1114 3272 utria

57 3299 131 3348 Hauc
148 3314 199 3348 rem
217 3300 337 3362 ingeniose
352 3300 426 3350 Ovid.
445 3306 563 3359 tractavit.
613 3305 727 3351 celebrant
742 3303 841 3349 dietum.
851 3300 869 3347 i.
882 3299 943 3358 1723
960 3298 1016 3347 hinc
1032 3298 1113 3347 Cesar

60 3376 86 3423 1⁰
95 3372 162 3437 quod
174 3372 235 3421 credi
246 3373 384 3437 apotheosin
395 3374 497 3423 Castris
508 3376 563 3424 sub·
612 3376 675 3424 lorus
688 3379 751 3424 utria
767 3384 849 3423 servat.
882 3372 963 3420 Servat
975 3371 1061 3428 locum,
1072 3370 1114 3436 qui

57 3446 147 3503 stituit,
166 3462 239 3510 quum
261 3447 302 3495 ille
320 3449 393 3495 stiam
412 3449 562 3510 persuasione
614 3450 647 3498 ibi
667 3457 780 3505 versatur,
798 3446 905 3504 liabitut3
929 3446 989 3492 AEn.
1005 3441 1039 3490 vi.
1057 3443 1115 3491 556.

59 3521 136 3585 vulgi,
152 3531 249 3586 propter
262 3521 357 3570 stellam
375 3521 493 3578 crinitam,
510 3539 563 3586 qua
613 3524 742 3588 Tisiphone
765 3523 897 3570 uestibulum
917 3517 1009 3567 Tartari
1028 3526 1114 3566 serunt.

59 3595 103 3643 illo
124 3602 231 3659 ternpore
249 3594 324 3650 fulsit,
341 3595 372 3643 sd
391 3595 457 3644 Deos
478 3595 564 3645 abiisse
617 3599 733 3660 Templum
754 3592 843 3646 Caesari
865 3602 917 3659 post
937 3591 1064 3641 triennium
1083 3591 1114 3640 ab

58 3668 213 3727 crederetur:
234 3669 261 3714 2⁰
278 3668 342 3732 quod
361 3669 447 3717 Vestam
465 3669 563 3734 loqueu·
615 3671 680 3720 obitu
693 3670 793 3736 positum
806 3684 868 3716 anuo
880 3668 937 3715 tlt.

58 3751 151 3798 temet
163 3751 211 3790 tatu
219 3742 320 3791 Caesaris
328 3741 484 3799 divinitatem,
493 3759 563 3807 quam
648 3746 703 3792 705.
723 3744 865 3797 Prohibente,
876 3739 997 3805 prohibere
1013 3738 1116 3796 volente,

59 3816 233 3883 purricidarum
251 3831 334 3880 poenes
349 3816 394 3865 sibi
411 3818 562 3872 tribuentem,
614 3820 760 3877 detestante3
779 3818 879 3865 Metam.
890 3832 912 3869 v,
923 3815 969 3864 45:
988 3829 1052 3870 sune
1060 3829 1114 3874 pro-

59 3889 167 3953 Augusti
192 3889 295 3954 danique
321 3890 405 3940 laudes
425 3891 563 3948 addentem,
614 3895 814 3950 hibentnmoueri.
849 3890 924 3938 Morte
930 3893 1013 3950 jacent
1025 3890 1115 3936 moritu.

58 3964 171 4014 induxit:
200 3963 345 4028 Apotheosis
364 3965 415 4029 jam
439 3981 486 4014 ver.
509 3967 564 4014 159.
615 3967 693 4016 Etiam
702 3982 778 4015 rernm
787 3964 912 4030 scriptores
922 3963 1056 4017 observant,
1064 3975 1116 4025 par·

60 4039 154 4103 attigit.
615 4040 701 4089 ricidas
717 4040 771 4088 illos
788 4037 888 4087 triennio
902 4036 1052 4102 prreterlspso
1064 4050 1115 4081 our·

94 4113 156 4160 609.
179 4112 246 4160 Meus
263 4116 371 4170 mdes,
386 4114 444 4177 quia
460 4112 565 4179 pontifex
616 4131 658 4164 nes
678 4114 811 4173 interiisse:
838 4109 965 4161 Suetonius
985 4109 1047 4157 Cres.
1067 4107 1113 4155 88:

58 4186 184 4236 maximus
197 4196 296 4249 preerat
308 4187 453 4236 Vestalibus.
481 4186 566 4252 ltaque
618 4195 634 4216 ¹‘
646 4189 813 4238 percussorum
825 4193 905 4234 autern
917 4182 974 4237 lere»
987 4195 1064 4243 neque
1075 4178 1115 4226 lsi·
