2806 5018
166 353 232 418 466
458 348 497 413 Ρ.
522 346 684 412 0V1D11
709 343 923 410 NASONIS

171 524 324 599 Pertica
339 524 405 597 dat
422 522 545 621 plenis
563 519 723 593 immitia
738 518 894 592 vulnera
912 518 1053 607 ramis;

222 638 283 711 Ne
302 639 443 736 possim
462 637 630 735 lapidum
647 634 805 707 verbera
821 632 903 706 sola
920 634 1048 728 queri.
1178 637 1217 704 70

171 753 293 828 Poma
308 753 463 838 cadunt,
483 752 623 824 mensis
641 773 715 822 non
734 747 937 822 interdicta
954 748 1163 822 secundis:

223 868 274 942 Et
290 869 421 942 condis
439 869 569 950 lectas,
589 888 704 963 parca
720 864 864 948 colona,
884 887 1021 938 nuces.

172 983 252 1059 Has
271 1008 365 1083 puer
382 999 447 1057 aut
465 997 589 1057 rectus
608 992 711 1054 certo
730 977 927 1052 dilaminat
944 980 1028 1053 ictu
1045 1009 1055 1069 ;

222 1100 300 1174 Aut
317 1125 457 1198 pronus
475 1099 593 1194 digito
611 1096 717 1168 bisve
731 1094 893 1166 semelve
911 1095 1030 1191 petit.

173 1216 361 1300 Quattuor
378 1217 416 1289 in
434 1215 607 1298 nucibus,
627 1235 702 1283 non
720 1209 894 1306 amplius,
914 1211 1006 1284 alea
1023 1222 1111 1285 tota
1126 1221 1200 1296 est;

224 1331 351 1415 Quum
369 1331 441 1404 sibi
460 1326 666 1427 suppositis
686 1323 836 1397 additur
853 1347 930 1398 una
948 1327 1091 1400 tribus.
1175 1328 1213 1398 76

175 1446 251 1520 Per
268 1448 406 1520 tabulae
424 1446 562 1519 clivum
581 1442 657 1515 labi
671 1440 781 1537 jubet
798 1441 911 1528 alter;
943 1454 986 1515 et
1000 1454 1115 1541 optat

224 1560 370 1658 Tangat
388 1573 430 1634 ut
447 1584 468 1633 e
487 1559 615 1631 multis
633 1555 843 1652 quamlibet
861 1579 937 1629 una
955 1581 1084 1632 suam.
1131 1621 1134 1627 .

172 1896 249 1961 plos.''
266 1897 298 1945 ll.
331 1899 407 1946 &aaa
419 1897 498 1946 Pelet.
508 1907 532 1946 et
542 1912 596 1944 mox
607 1896 672 1943 Nea·
722 1893 767 1950 dis,
782 1909 826 1943 nec
840 1893 912 1941 findis
926 1894 1035 1945 malum.
1052 1896 1152 1944 Enseu.
1179 1893 1215 1941 tt.

175 1970 242 2034 polit.
724 1969 797 2015 tanim
808 1966 877 2016 multi
890 1982 920 2016 cx
936 1967 1047 2032 scriptis.
1081 1968 1216 2019 Undsllm·

207 2044 247 2092 tr.
261 2043 344 2092 Mentis
354 2062 399 2091 non
414 2046 536 2092 interdicto
546 2039 671 2102 rectrudis]
723 2056 784 2096 mus,
797 2041 935 2089 dilaniant:
952 2040 1099 2105 ingenium
1113 2039 1217 2107 qundo

176 2116 230 2165 Fuit
251 2126 354 2182 tempus,
374 2135 448 2183 quum
475 2134 521 2166 non
540 2117 609 2165 modo
627 2132 674 2165 non
723 2123 748 2162 et
761 2112 835 2163 codex
851 2112 990 2171 Medicens,
1007 2131 1068 2164 cnm
1084 2116 1160 2182 prisca
1174 2112 1217 2163 edi·

176 2193 300 2238 interdicta
319 2207 368 2240 nux
384 2194 463 2239 mamis
478 2194 589 2245 monadis.
608 2205 672 2255 quie,
724 2187 801 2236 tione:
814 2187 970 2237 etsiverbum
981 2187 1010 2237 id
1021 2190 1217 2244 atticotorum

174 2264 275 2313 sublatis
289 2266 378 2330 primis,
389 2266 493 2329 eleganti
508 2271 622 2330 apparatu
637 2263 673 2312 in·
725 2261 845 2310 marm
856 2261 1000 2311 nucisinira
1018 2263 1061 2313 hic
1075 2263 1218 2313 neum

175 2340 341 2397 struebantur;
364 2340 404 2388 sad
423 2349 447 2388 et
467 2340 524 2405 ipsis
543 2348 674 2388 ornamento
724 2334 839 2400 appellat.

176 2420 235 2458 erat.
263 2412 383 2469 Horatius,
396 2414 470 2462 Serm.
479 2413 539 2461 libro
552 2414 587 2461 11.
597 2416 674 2477 Satyr.
757 2410 797 2457 76.
814 2409 892 2463 Quum
909 2411 954 2458 rili
969 2411 1217 2476 mppndtkfflcgw

175 2482 202 2531 ii.
224 2487 266 2532 121
287 2505 292 2532 :
319 2494 334 2513 ¹⁸
346 2488 439 2534 -Tum
456 2487 553 2548 pensilis
570 2503 617 2536 uva
637 2503 673 2536 se·
725 2482 813 2532 tissime
834 2482 963 2548 descripsit
980 2485 1046 2535 alen
1067 2487 1128 2536 illud
1147 2499 1219 2550 μοι

176 2557 268 2605 cundas
285 2559 313 2606 Et
332 2577 379 2606 rtur
395 2561 489 2607 ornabat
505 2577 607 2617 mensas,
620 2577 675 2609 cum
725 2573 798 2621 quum
823 2557 890 2621 pueri
910 2559 1063 2609 castellatim
1088 2560 1136 2610 sibi
1158 2571 1221 2608 m

173 2628 269 2694 duplice
280 2631 351 2680 ficu.'’
725 2640 871 2686 nomimant,
887 2646 950 2694 quas
968 2634 1058 2696 procul
1079 2632 1220 2683 ᾱίωίαέ

209 2705 249 2751 73.
262 2705 310 2752 llas
319 2724 384 2766 puer,
395 2708 456 2769 etc]
471 2707 537 2755 Nihil
551 2710 673 2768 addubito,
724 2705 850 2754 everterint
861 2706 1219 2773 nuceemissamuotqvotew·

176 2778 233 2840 quin
251 2780 352 2827 Ovidius
370 2781 404 2828 ita
421 2781 540 2844 scripserit
557 2784 600 2831 hoc
621 2802 673 2833 car·
724 2796 755 2827 w
768 2779 861 2835 suerint.
873 2789 945 2844 &tque
956 2782 1033 2830 etiarn
1046 2799 1102 2848 que
1112 2784 1218 2848 disposite

176 2867 245 2899 men:
267 2853 315 2900 Hos
329 2866 437 2914 prterunt
452 2867 512 2903 certo
529 2869 601 2905 rectas
612 2862 672 2907 dila-
724 2863 779 2901 sunt
798 2853 858 2901 infra
874 2869 978 2910 eversas,
997 2872 1083 2905 omnes
1102 2858 1219 2906 lucrantur.

176 2930 311 2975 minutiem.
329 2929 451 2993 Siquidem
459 2932 596 2979 dilaminare
607 2932 674 2988 dixit,
726 2928 789 2975 Hinc
810 2927 907 2992 quidam
930 2930 998 2993 apud
1016 2933 1183 2997 Tranquillum
1200 2932 1218 2978 in

175 3019 218 3066 pro
235 3002 258 3049 in
275 3003 334 3051 duas
349 3004 448 3051 luminas
461 3005 580 3054 diducere.
609 3008 675 3056 ldfit
727 3003 836 3065 Augusto
855 3019 909 3067 cap.
930 3005 974 3051 83.
999 3005 1087 3071 legunt
1115 3009 1149 3057 sic
1171 3007 1220 3055 illud

178 3077 278 3139 quoties,
296 3077 378 3124 solutis
397 3078 562 3134 commissuris,
581 3081 677 3129 finditur
726 3077 871 3123 membmm:
899 3079 1015 3128 “Animi
1037 3081 1138 3131 lmudi
1162 3097 1220 3130 tim

179 3165 226 3197 nux
239 3151 263 3197 in
275 3150 335 3198 duas
345 3161 431 3215 partes.
461 3152 531 3200 Unde
543 3155 676 3219 paulopost
727 3151 797 3197 modo
812 3151 874 3206 talis,
885 3164 927 3199 aut
942 3157 1075 3203 castellatis
1086 3157 1183 3206 nucibu
1193 3157 1219 3203 lv·

178 3222 291 3271 laminam
304 3234 371 3271 vocat
382 3234 493 3289 putamen
505 3227 584 3274 fissile.
612 3229 676 3278 Illud
727 3222 860 3271 debetcum
869 3226 1088 3289 puerisminntiw
1104 3228 1221 3294 Tranquilli

177 3295 271 3343 interim
287 3306 339 3344 erat
356 3298 421 3352 artis,
437 3310 498 3345 certo
515 3300 563 3348 ictu
582 3310 678 3366 tangere
729 3307 807 3345 tamen
819 3298 887 3362 plura
898 3301 1058 3364 exemplaria,
1071 3305 1180 3352 ocellatis
1187 3321 1221 3349 n-

178 3369 363 3417 commissnram.
399 3371 462 3418 Nam
484 3375 614 3421 dilaniandi
628 3392 678 3423 ver·
728 3375 807 3430 cibun·
824 3372 848 3420 ld
863 3381 907 3428 eli.
919 3373 1049 3438 perforati!
1060 3376 1138 3426 lustu
1146 3376 1220 3426 oetllt

178 3443 244 3498 bum,
255 3445 318 3507 quod
327 3445 350 3490 in
359 3444 552 3510 Aldinisquoque
559 3449 679 3499 codicibus
729 3462 789 3501 rum,
801 3447 913 3511 scripturn
925 3448 1027 3499 liabent.

179 3516 273 3578 legitur,
292 3519 362 3565 etiam
381 3519 492 3566 carminis
507 3522 566 3568 ratio
582 3524 678 3587 respuit.
761 3524 801 3569 77.
821 3521 867 3568 Per
888 3523 997 3586 rabula]
1022 3525 1113 3575 Altera
1138 3523 1221 3574 tuderti

183 3590 255 3636 Porro
266 3592 329 3653 qnod
343 3592 386 3646 ait,
401 3594 492 3649 literar,
504 3596 629 3659 opponitur
643 3598 678 3646 illi
728 3596 820 3660 species
838 3603 881 3650 est,
905 3604 940 3650 ul.
961 3596 1090 3663 (lispodtis
1110 3602 1136 3650 in
1153 3599 1221 3649 uit!

182 3664 244 3726 quod
264 3680 317 3711 mox
334 3667 448 3730 seqnitur,
464 3670 559 3726 Pronus,
574 3671 618 3719 hoc
635 3684 679 3730 est,
729 3669 837 3725 nucibus,
859 3684 901 3733 per
917 3670 1028 3719 tabulam
1048 3673 1170 3722 declivem
1182 3672 1221 3720 rol

181 3744 335 3785 transversas.
372 3741 481 3805 Suspicor
508 3752 587 3792 autem
615 3745 678 3795 hunc
730 3753 798 3791 vatur
809 3758 940 3807 nuxzqute
952 3745 974 3792 si
986 3754 1077 3811 tangat
1087 3760 1221 3813 quamopti-

181 3824 231 3856 esse
243 3810 329 3866 lusum,
342 3828 388 3875 quo
401 3814 512 3863 findimus
527 3818 599 3866 etiam
616 3821 680 3868 mala
730 3824 773 3873 tet,
783 3815 856 3865 vincit
867 3817 908 3880 qni
920 3816 999 3865 misit.
1012 3820 1120 3870 Evasit.
1138 3821 1221 3871 clim

181 3880 297 3945 praedura.
333 3885 467 3949 imponitur
488 3888 558 3937 index
580 3892 679 3942 sinistra
729 3889 889 3939 declivitatem
900 3899 925 3939 θῐ
935 3891 1099 3945 descensum.
1118 3893 1222 3960 Victi-l!

182 3957 237 4003 mali
259 3957 401 4020 pedunculo,
418 3969 442 4007 et
461 3961 484 4008 in
502 3962 566 4011 hunc
586 3982 680 4030 pugnus
730 3964 817 4013 Bucol.
833 3964 879 4012 ix.
899 3983 922 4013 v.
939 3966 971 4013 7:
1000 3969 1057 4023 Qun
1076 3988 1099 4018 se
1117 3973 1223 4018 uuum

181 4027 263 4077 dexter
276 4032 354 4079 subito
369 4033 514 4097 impingitur.
549 4037 679 4104 Inimpetu
730 4040 797 4085 colles
815 4037 947 4101 Incipiunt,
967 4045 1082 4108 mollique
1094 4050 1178 4110 jugan
1193 4045 1223 4089 dt·

182 4117 210 4149 ac
222 4103 342 4152 celeritate
353 4105 397 4152 sita
408 4115 444 4153 est
455 4107 560 4158 victoria.
583 4112 677 4161 Etenim
729 4117 818 4160 mittere
826 4115 892 4161 cliro.
910 4114 990 4166 utin.

181 4175 200 4220 si
219 4175 302 4224 leviter
315 4178 440 4242 impingas,
452 4192 475 4228 et
489 4181 589 4245 digitum
603 4186 676 4234 offen.
