2806 5018
469 374 524 439 IN
548 373 708 440 OVIDII
731 375 918 440 FASTOS.
1150 377 1215 442 399

173 543 272 609 Scltu.
291 545 322 608 b.
342 567 373 608 v.
393 547 435 609 de
458 546 561 611 herois
583 549 721 612 notione.
766 547 815 612 Ut
836 570 929 632 porro
951 553 1024 628 ἥρωες
1040 553 1163 628 ἐτιχόριοι
1183 549 1213 612 iu

174 646 314 722 Gracia,
327 649 359 711 id
372 657 432 724 est,
446 650 505 713 viri
520 649 677 714 demortui
692 653 782 714 etde
798 651 927 715 civitate
943 671 1000 714 sua
1014 651 1096 713 bene
1111 650 1216 713 mariti

173 768 239 813 uua
260 770 388 834 semper
411 773 483 815 cum
508 753 567 816 diis
590 754 770 817 domesticis
795 753 856 816 ooli
883 752 1037 826 solebant,
1061 751 1106 814 ita
1129 753 1215 835 apud

175 850 338 916 Romanos
363 873 503 937 quaeque
530 855 652 929 civitas,
676 876 756 939 gens
782 863 816 917 et
842 855 961 917 familia
986 854 1129 937 proprios
1155 854 1215 919 sibi

174 952 312 1017 babebat
334 954 444 1028 Lares,
465 958 505 1019 ad
528 977 607 1040 qnos
629 966 697 1020 tum
721 957 778 1020 viri
800 957 937 1020 civitatis
959 956 1129 1039 principes,
1147 966 1216 1019 tum
1316 984 1317 987 ¹

173 1056 369 1138 singularum
392 1059 535 1140 gentium
557 1068 674 1141 patres,
698 1059 812 1142 quibus
835 1059 882 1121 vis
905 1058 1011 1141 aliqua
1032 1057 1065 1119 in
1087 1057 1215 1122 familiae

172 1159 310 1222 salutem
326 1161 534 1234 tribuebatur,
549 1162 761 1245 pertinebant.
807 1161 959 1225 Plautus:
982 1161 1051 1245 Epo
1064 1182 1133 1223 sum
1144 1160 1216 1224 Lar

161 1261 344 1347 familiaris
363 1285 401 1326 ex
417 1263 638 1349 hacjomr'lia.
652 1263 883 1348 ..familiaeque
901 1264 971 1327 Lar
982 1270 1092 1346 pater.
1135 1261 1214 1324 Am·

172 1362 252 1446 poia
266 1364 386 1448 prolog.
403 1365 443 1440 23
466 1365 571 1427 Mero.
589 1364 630 1428 V.
646 1364 666 1427 i.
682 1368 714 1428 5.
761 1365 839 1429 Post
854 1364 1038 1447 apotheosin
1051 1362 1169 1436 Caesar,
1181 1373 1216 1426 et

174 1463 372 1528 Octavianus
397 1487 440 1530 ex
467 1468 588 1529 urbium
619 1467 799 1529 adulatione
825 1466 892 1548 jam
919 1464 995 1529 718.
1024 1474 1094 1547 post
1121 1464 1214 1528 Sext.

175 1563 291 1648 Pomp.
303 1567 420 1630 rictum
435 1567 473 1629 iis
489 1568 588 1630 additi
605 1577 689 1641 suut,
702 1569 787 1651 qnod
803 1567 885 1631 Hor.
900 1565 963 1632 IV.
976 1589 1004 1629 v.
1016 1565 1070 1630 33.
1083 1566 1214 1630 heroum

174 1667 277 1731 cultui
291 1669 323 1732 iu
338 1669 467 1733 Graecia
481 1682 653 1754 comparat.
939 1733 945 1748 ,

220 1770 274 1833 De
285 1772 482 1854 publicorum
499 1772 628 1836 Larium
643 1783 743 1836 matre
753 1773 846 1846 Iera,
861 1773 1021 1844 larunda,
1036 1773 1097 1834 dea
1110 1770 1214 1845 Muta,

176 1870 286 1946 Meua,
305 1872 402 1936 Mane
418 1872 557 1947 Geneta,
570 1883 631 1937 etc.
644 1875 783 1957 denique
800 1874 840 1936 de
858 1872 1016 1945 Manibus,
1030 1872 1213 1947 Summano,

174 1973 367 2038 Lemuribus
389 1983 423 2037 et
445 1974 568 2050 larvis,
589 1976 773 2058 exponendi
795 1975 993 2038 occasionem
1012 1973 1123 2036 Ovidii
1145 1974 1215 2038 loca

175 2075 376 2157 praebebunt.

221 2177 379 2257 Quaedam
392 2180 510 2243 addere
525 2181 620 2244 liceat
631 2181 672 2244 de
684 2180 814 2242 aliarum
826 2178 944 2241 veteris
957 2177 1059 2242 Italioe
1071 2178 1214 2261 gentium

174 2279 238 2342 diis
260 2289 293 2342 et
314 2280 518 2363 religionibus
543 2281 735 2353 domesticis,
755 2301 827 2364 qum
847 2279 917 2361 plus
938 2279 1081 2342 minusve
1103 2287 1215 2361 postea

175 2379 315 2444 Romam
330 2382 426 2445 etiam
441 2384 625 2466 migrarunt.
661 2380 715 2445 Ita
729 2381 923 2465 potissimum
939 2379 1065 2453 Satrici,
1081 2378 1214 2444 Volsco·

174 2503 248 2545 rum
270 2483 358 2557 urbe,
379 2496 519 2547 sanctam
540 2485 682 2549 Metalce
703 2484 811 2546 matris
833 2484 931 2546 fuisse
954 2482 1139 2566 religionem
1162 2481 1215 2545 Li·

175 2583 249 2647 vius
268 2585 323 2665 (vi.
342 2583 403 2659 333
426 2586 478 2649 vii.
499 2585 561 2660 27;
584 2585 767 2649 XXVIII.
784 2586 831 2660 ii.)
848 2585 955 2647 tradit.
1000 2584 1086 2647 Satis
1103 2593 1214 2648 notum

174 2693 238 2757 est,
256 2685 315 2749 boc
332 2708 448 2751 numen
463 2709 519 2770 pro
534 2688 711 2752 leucothea
726 2685 913 2750 Graecorum
931 2707 1058 2769 semper
1074 2686 1214 2750 habitum

175 2806 261 2849 esse.
304 2786 424 2851 Veram
443 2800 550 2852 autem
569 2789 662 2872 hujus
682 2789 763 2861 dese,
780 2809 852 2871 qum
873 2788 913 2851 ad
934 2787 1069 2870 priscam
1088 2786 1216 2852 Italiam

175 2896 312 2970 spectat,
337 2891 497 2953 notionem
523 2897 688 2953 assecutus
713 2910 785 2952 esse
808 2889 928 2962 videor,
954 2889 980 2951 si
999 2889 1039 2950 ab
1065 2888 1216 2951 Lucretio

176 2990 325 3054 eamdam
345 2992 449 3073 prisco
469 2992 522 3054 illo
543 3012 639 3055 seusu
659 2992 699 3054 ab
719 2989 960 3072 interpolatione
979 2988 1097 3052 Graeca
1117 2989 1215 3052 libero

177 3089 350 3155 abhibitam
367 3093 480 3167 videm
501 3095 543 3156 de
556 3093 679 3157 Rerum
697 3091 728 3155 N
731 3102 830 3165 stura,
844 3091 922 3154 libro
939 3112 969 3153 v.
981 3111 1062 3153 vers.
1075 3089 1150 3154 655.
1161 3090 1216 3152 ubi

177 3195 225 3256 ita
240 3194 326 3256 canit
340 3194 393 3258 ille
409 3204 515 3259 vates:

337 3353 478 3434 Tempore
491 3355 561 3414 item
575 3366 652 3414 certo
665 3374 773 3413 roseam
787 3353 906 3412 Matuta
920 3373 971 3430 per
983 3373 1045 3410 oras

335 3447 462 3508 AEtberis
475 3449 617 3508 Auroram
630 3449 733 3519 defert,
747 3460 777 3508 et
790 3447 899 3506 lumina
912 3445 1031 3525 pandit;

180 3595 310 3659 Matuta
326 3607 363 3658 ut
379 3604 426 3671 ld<
445 3597 631 3662 Graecorum
652 3599 717 3662 diei
734 3599 867 3682 primam
888 3597 992 3659 lucem
1010 3595 1168 3680 designat,
1184 3607 1218 3662 et

180 3697 262 3761 lrauc
279 3719 386 3762 veram
405 3699 494 3762 verbi
517 3701 677 3764 notionem
694 3721 765 3764 esse
786 3707 930 3782 cognatae
948 3717 1043 3760 voces
1061 3706 1096 3760 et
1115 3720 1217 3782 gram·

180 3800 367 3863 maticorum
382 3801 562 3864 testimonia
577 3802 705 3864 docent.
740 3799 865 3863 Nonius
880 3797 1070 3862 Marcellus:
1093 3820 1218 3864 manum

181 3900 295 3964 dixere
313 3903 442 3976 clarum,
459 3904 544 3966 unde
563 3905 659 3966 etiam
679 3923 770 3966 mane
789 3911 861 3984 post
875 3902 1022 3965 tenebras
1036 3901 1101 3964 diei
1118 3902 1219 3984 prima

180 4021 275 4084 parm
296 4003 370 4067 iude
392 4003 529 4078 Matuta,
545 4026 617 4088 quae
637 4004 763 4068 Grecis
784 4003 988 4076 Leucotbee;
1009 4011 1044 4064 et
1064 4001 1218 4065 Priscian.

178 4103 212 4165 ii.
224 4125 257 4186 p.
273 4104 348 4167 591.
360 4105 491 4169 Putscb.
518 4106 644 4170 Matuta
655 4105 813 4189 significat
824 4104 992 4169 Auroram.
1020 4103 1219 4166 Mutationem
