2806 5018
367 372 422 437 IN
447 371 607 436 OVIDIl
634 370 821 438 FASTOS.
1052 373 1117 437 37⁷
1203 445 1206 450 ,

52 543 152 608 Fast.
168 544 202 607 ii.
216 546 270 609 56.
294 545 324 607 in
348 545 487 608 denariis
510 544 668 618 Prociliae‚
690 547 776 609 Juuo
796 546 928 609 Moneta
948 543 1053 627 (Fast.
1070 546 1112 610 ri.

52 645 154 726 183.)
167 647 199 708 in
216 647 353 710 nummis
368 647 474 731 gentis
491 646 624 711 Carisiae
640 658 757 712 exstat.

103 748 160 811 Ad
176 749 265 813 Fast.
284 750 325 813 iv.
340 751 415 812 945.
433 750 464 812 iu
480 749 554 823 line,
571 750 624 811 ubi
643 751 715 813 vide
738 761 828 813 notas
849 751 1030 835 argumenti
1053 752 1114 816 bis·

55 851 155 914 torici
168 853 209 915 ad
224 853 324 915 instar
338 853 426 916 nobis
445 862 649 917 winemarus
665 854 803 929 Servilii,
821 855 894 918 vide
912 855 1027 920 Elbel.
1044 857 1114 922 loco

56 952 107 1016 ibi
123 954 263 1017 citando.

104 1057 173 1122 Sed
189 1060 327 1121 omnium
342 1058 630 1122 fructuosissimum
651 1060 736 1123 hand
756 1060 852 1123 dubie
874 1068 933 1133 est,
951 1061 976 1122 si
997 1082 1060 1123 uno
1080 1061 1112 1125 in

55 1160 133 1224 loco
153 1162 221 1245 jam
244 1160 409 1236 Ekbelius‚
425 1163 474 1225 vir
498 1185 632 1247 magnus
655 1172 744 1244 (tom.
763 1186 793 1225 v.
810 1187 840 1248 p.
856 1164 945 1239 276.)
967 1164 1113 1228 lectionis

56 1262 263 1327 vindicandae
279 1265 363 1326 viam
379 1286 397 1326 e
413 1286 542 1328 nummo
559 1266 709 1328 ostendit.

106 1365 200 1428 Fau.
217 1367 260 1428 vi.
276 1367 339 1428 651
355 1388 424 1450 sqq.
440 1366 495 1448 (of.
513 1368 583 1430 Liv.
599 1368 644 1430 ix.
656 1367 716 1440 30;
740 1379 774 1431 et
788 1367 862 1430 Val.
880 1367 1013 1430 Maxim.
1032 1369 1064 1430 ii.
1078 1371 1110 1433 5.

58 1488 130 1531 soc.
143 1468 191 1543 4.)
236 1467 372 1531 Ovidius
387 1469 541 1552 originem
558 1468 819 1552 Quinquatruum
841 1470 996 1533 minorum
1014 1493 1112 1554 expo-

10 1654 13 1659 ·
57 1568 191 1644 siturus,
218 1570 364 1633 tibicines
394 1569 557 1634 Romanos
585 1572 757 1655 aliquando
779 1574 854 1656 jura
879 1573 1026 1655 quaedam
1052 1574 1112 1636 sibi

10 1693 12 1697 ·
59 1672 192 1736 ademta
212 1695 296 1757 aegre
320 1695 428 1756 passos
447 1674 547 1736 Tibur
564 1675 740 1747 exsulasse,
761 1675 865 1749 canit;
889 1677 1019 1738 alterius
1038 1699 1111 1740 cen-

10 1764 13 1791 ³
59 1777 143 1841 soris
157 1786 265 1839 antem
279 1776 408 1854 astutia,
424 1799 520 1859 quum
539 1777 651 1859 religio
668 1777 738 1861 ejus
753 1777 800 1839 rei
815 1787 960 1842 senatum
977 1786 1112 1854 teneret,

59 1886 155 1962 potos
171 1879 202 1940 in
219 1878 358 1960 plaustro
374 1888 470 1941 noctu
492 1880 523 1940 in
545 1879 656 1941 urbem
677 1879 821 1942 invectos
842 1902 933 1943 esse:
957 1902 1023 1943 ver.
1035 1880 1110 1945 683.

60 1981 109 2044 ita
124 1981 248 2064 pergit:

140 2105 266 2184 Jamque
279 2127 331 2185 per
345 2107 496 2184 Esquilias
512 2107 672 2166 Romanam
685 2109 843 2167 intraverat
857 2109 957 2167 urbem
967 2131 979 2185 ι;

181 2202 224 2260 Et
236 2223 321 2261 mane
333 2203 364 2260 in
378 2203 473 2261 medio
485 2203 614 2281 plaustra
626 2204 708 2262 fuere
722 2204 791 2262 foro.

144 2295 286 2365 Callidus,
301 2307 335 2355 ut
348 2307 463 2375 possent
476 2298 571 2375 specie
584 2317 760 2375 numeroque
773 2308 905 2356 senatum
1056 2297 1112 2356 685

183 2391 307 2460 Fallere,
321 2392 449 2469 personis
463 2391 586 2470 imperat
600 2412 648 2450 ora
661 2392 731 2469 tegi.

142 2484 350 2563 Admisoetque
364 2485 450 2544 alios:
471 2497 502 2544 et
515 2497 549 2543 nt
561 2486 638 2543 hunc
651 2486 771 2544 tibicina
784 2498 890 2545 coetum

183 2579 311 2656 Augeat,
326 2581 355 2637 in
370 2580 462 2658 longis
475 2582 604 2653 vestibus
617 2582 658 2640 ire
668 2581 761 2658 jubet.

147 2673 197 2732 Sic
209 2673 328 2732 reduces
342 2675 416 2733 bene
429 2695 510 2754 posse
523 2675 593 2752 tegi,
608 2695 645 2734 ne
659 2675 733 2733 forte
747 2686 883 2734 notentur
1190 2719 1193 2730 .

183 2769 291 2827 Contra
307 2768 429 2847 Collegoe
439 2769 520 2846 jussa
532 2768 638 2828 redisse
653 2768 707 2826 sui.
1057 2770 1117 2829 690

67 2912 143 2974 Duo
155 2910 188 2972 in
200 2931 334 2973 censura
350 2911 482 2994 collegae
497 2921 573 2974 tunc
592 2911 695 2984 fuere,
712 2911 839 2994 Appius
855 2911 1011 2975 Claudius
1027 2922 1060 2974 et
1076 2911 1115 2975 C.

65 3012 233 3085 Plautius;
256 3012 326 3075 Liv.
344 3012 372 3075 I.
390 3035 416 3076 c.
462 3013 568 3076 Versu
590 3001 665 3077 690.
682 3015 741 3075 sub
764 3013 880 3099 colleqa
902 3014 967 3096 qui,
985 3034 1025 3075 ne
1047 3013 1116 3074 irri-

65 3123 134 3177 tum
157 3113 278 3176 faceret
300 3114 475 3188 consilium,
494 3115 633 3188 timetur,
651 3115 734 3177 baud
757 3115 853 3177 dubie
872 3114 999 3197 Appius
1020 3113 1115 3177 Clau·

63 3217 139 3280 dius
155 3216 402 3300 intelligendus;
423 3216 465 3279 os.
478 3239 508 3279 v.
521 3216 596 3279 663.
642 3216 787 3279 Alterius
804 3237 918 3279 nomen
934 3218 966 3277 in
981 3215 1117 3299 vulgatis

63 3321 171 3391 deest,
183 3318 240 3380 sed
254 3340 273 3381 e
285 3318 374 3381 varia
389 3318 526 3381 lectione
544 3318 682 3381 Cautius
696 3339 754 3400 pro
772 3318 916 3382 Callidus
927 3319 1116 3403 jamdudum

65 3418 202 3503 Pighius
218 3440 236 3481 e
252 3421 436 3504 conjectura
450 3421 634 3483 restituerat
651 3420 815 3493 Plautius,
832 3421 918 3501 quod
938 3420 1029 3481 unice
1045 3441 1117 3483 sen·

64 3544 137 3585 snm
155 3522 325 3604 praebebat,
344 3544 441 3605 quum
461 3543 578 3585 nomen
598 3522 760 3605 proprium
779 3522 823 3584 ibi
839 3521 1018 3585 necessario
1034 3521 1118 3584 desi-

64 3625 245 3687 deraretur.
291 3624 321 3686 E
345 3627 449 3707 gentis
475 3624 613 3689 Plautiae
637 3647 764 3687 nummo
789 3625 867 3703 (vid.
890 3623 1005 3687 Ekbel.
1032 3625 1052 3687 l.
1076 3629 1120 3704 c.)

64 3747 165 3809 quem
188 3726 257 3808 ipse
280 3727 313 3788 in
338 3725 464 3800 Museo,
483 3728 567 3809 quod
592 3725 743 3790 Cassellis
767 3736 827 3801 est,
843 3726 982 3810 inspexi,
999 3726 1053 3788 nbi
1078 3727 1120 3789 ad

64 3829 207 3914 lepidam
230 3829 311 3892 banc
336 3831 558 3914 catastrophen
581 3831 743 3905 alluditur,
760 3830 815 3893 vix
838 3831 968 3894 dubium
990 3850 1120 3893 manere

63 3933 196 4018 poterit,
216 3933 376 3996 Plautium
392 3944 467 3997 tunc
489 3935 647 3997 restitutae
663 3935 750 4017 pacis
767 3942 801 3996 et
818 3934 881 4017 piae
902 3934 1023 3996 fraudis
1046 3955 1119 3995 auc-

65 4047 168 4099 torem
185 4035 296 4109 luisse,
309 4045 344 4099 et
354 4036 461 4120 Pigbii
477 4038 692 4121 conjecturam
706 4039 799 4099 unice
815 4046 933 4099 rectam
947 4056 1120 4117 veramque

65 4161 151 4202 esse.
205 4137 317 4201 Habet
344 4160 490 4202 nummus
514 4142 546 4227 in
571 4139 649 4202 Ant.
675 4142 853 4203 Personam
880 4140 1048 4208 mulierem,
1073 4136 1120 4196 in-

112 4261 190 4303 vox.
210 4261 240 4302 v.
766 4242 823 4302 {lc
