2806 5018
394 373 447 438 IN
471 370 635 441 ovnrtt
659 370 779 441 lslrt.
1047 372 1112 441 cla

55 542 143 611 mele
158 544 352 611 sentientem
374 544 580 628 politissimus
600 546 655 611 ille
672 543 851 609 Politianus
870 543 930 609 hoc
951 543 1110 628 epigram·

56 655 147 713 nate
162 645 357 711 facetissime
372 646 533 710 traduxit:
858 676 862 681 ·

178 811 274 872 Audit
287 813 439 873 Marsilius
453 811 593 884 Missam3
614 813 728 872 missam
743 813 813 872 focis
828 810 908 872 illem

218 906 276 977 Τιι,
292 907 418 966 Domiti:
441 907 531 985 magis
545 920 589 967 est
603 907 764 986 relligiosus
777 909 863 966 uter?

179 998 254 1070 Quis
268 999 404 1060 dubitet?
426 1011 508 1060 tanto
522 1021 553 1060 es
566 1010 600 1060 tu
613 1001 782 1079 relligiosior
795 1000 854 1071 illo,

218 1093 337 1165 Quanto
351 1095 451 1154 audire
463 1096 560 1153 minus
574 1105 618 1154 est
631 1096 715 1163 bona,
729 1114 814 1173 quam
828 1094 930 1155 facere.

59 1266 173 1332 Nolim
188 1277 296 1332 autem
312 1269 445 1342 referre,
461 1270 546 1353 quod
566 1269 608 1332 de
623 1289 663 1331 eo
679 1268 864 1332 Ludoricus
880 1266 992 1342 Vives,
1009 1267 1064 1331 lib.
1080 1268 1113 1332 ii.

58 1368 106 1433 de
121 1366 270 1435 Veritate
286 1368 391 1442 Fidei,
408 1369 439 1432 in
457 1369 537 1432 lrauo
558 1388 624 1432 rem
640 1369 791 1453 prodidit,
809 1390 850 1433 ne
869 1370 935 1452 pias
952 1369 1115 1434 christiani

56 1467 190 1535 lectoris
206 1491 300 1535 aures
315 1471 461 1534 laesorim.
508 1469 671 1534 Caeterum
688 1492 749 1533 nou
766 1471 866 1535 multo
879 1480 952 1555 post
966 1472 1114 1535 eamdem

57 1572 257 1656 provinciam
280 1573 422 1655 suscepit
440 1572 686 1656 Christoplrorus
707 1572 858 1636 Zarottus
872 1572 1115 1656 Justiuopolita-

60 1694 132 1748 uns,
147 1675 201 1739 cui
221 1684 435 1740 transversum
456 1696 597 1758 unguem
618 1697 637 1739 a
653 1675 772 1738 veteris
787 1676 971 1758 interpretis
985 1685 1114 1739 senteu-

61 1769 109 1840 tia
128 1775 299 1840 discedere
322 1775 435 1860 religio
458 1787 527 1841 est:
557 1797 620 1859 qua
647 1777 744 1840 etiam
770 1780 1114 1861 tempestate,·‘nempe

61 1899 147 1943 anno
161 1876 328 1943 millesimo
342 1880 599 1963 quingentesimo
611 1881 736 1943 decimo
751 1889 856 1952 sexto,
867 1878 1009 1943 Andreae
1023 1879 1114 1943 Nau-

61 1979 398 2065 geriiAnuotstiones,
408 1981 449 2044 de
461 1981 658 2044 Diversitate
669 1981 869 2053 lectionum,
878 1981 910 2043 iu
921 1980 1115 2044 omna-ovi-

63 2081 111 2145 dii
131 2102 232 2164 opera
245 2080 395 2145 Venetiis
418 2083 615 2165 prodierunt.
661 2083 741 2146 Post
763 2082 868 2165 paulo,
884 2081 1027 2146 Jodocus'
1050 2082 1115 2147 Ba·

61 2184 136 2248 dius
158 2182 336 2247 Asceusius
364 2183 396 2247 in
423 2184 558 2247 Domitii
579 2184 679 2248 verba
700 2185 836 2267 juratus,
865 2183 947 2246 huno
972 2184 1114 2250 libellum

60 2285 217 2351 tironibus
239 2288 408 2349 enarravit.
453 2286 531 2351 Fuit
551 2286 606 2350 ille
626 2286 854 2371 typographus,
868 2295 904 2350 et
922 2288 956 2349 in
974 2287 1116 2352 illatum

10 2423 15 2436 ·
62 2387 274 2451 sekberrima
293 2387 433 2451 Lutetiae
453 2394 499 2459 τῆς
517 2392 656 2465 ιικιυμένης
675 2395 795 2464 ἐπιτομῆς
809 2387 998 2463 Academia,
1013 2392 1116 2473 gram

62 2488 198 2555 matites
218 2488 388 2572 professor,
404 2489 461 2554 ubi
480 2488 663 2562 familiares,
680 2497 716 2552 nt
734 2490 804 2573 ipse
821 2490 972 2574 loquitur,
987 2491 1116 2576 exposi-

62 2592 168 2656 tiones
196 2592 229 2655 iu
260 2601 418 2666 auctores,
444 2613 544 2675 quum
570 2600 708 2664 veteres,
734 2600 802 2656 tum
830 2601 988 2668 recentes,
1014 2615 1116 2678 prope

63 2692 313 2758 innumerabiles
333 2694 445 2757 edidit.
490 2693 581 2773 Quin
596 2694 694 2756 etiam
709 2693 859 2777 Baptista
873 2696 1031 2778 Egnatius
1047 2695 1114 2760 Ve-

62 2804 169 2869 netas,
186 2795 236 2859 vir
250 2805 345 2860 {etate
360 2817 419 2860 sua
434 2797 543 2880 magui
561 2796 707 2869 nominis,
726 2797 875 2860 brevibus
895 2799 960 2860 suis
981 2799 1116 2861 notatio·

62 2897 157 2963 nibus
172 2918 236 2962 nou
249 2919 362 2981 parum
379 2899 524 2982 caliginis
539 2898 615 2963 inde
627 2898 766 2961 sustulit.
812 2898 892 2962 Post
902 2899 991 2963 illum
1004 2898 1114 2963 Guido

64 2998 264 3074 Morittonus,
282 3021 387 3083 quem*
399 3000 563 3091 Adrianus
582 2997 701 3063 Juuius
723 3000 826 3063 virum
848 3001 1018 3084 multijuga
1037 3001 1114 3063 doc·

63 3101 159 3175 trina,
175 3108 209 3165 et
227 3101 395 3167 omnifaria
411 3089 564 3176 ’lectione
583 3109 681 3184 atque
702 3100 905 3165 hamanitatis
924 3109 960 3163 et
978 3100 1114 3184 philoso-

63 3201 150 3286 phias
164 3202 266 3268 omnis
284 3209 421 3283 tppsts'sn
437 3208 482 3263 net
500 3209 601 3283 χάριτα
615 3223 730 3266 vocare
748 3223 811 3264 uon
827 3200 995 3275 dubitavit,
1010 3203 1117 3287 cujus·

63 3325 130 3387 que
151 3291 365 3370 eruditionem
387 3302 504 3367 Petrus
529 3301 677 3367 Nannius
700 3304 788 3367 initio
811 3303 865 3367 lib.
882 3324 912 3366 ι.
936 3302 1115 3370 Misceliau.

63 3406 188 3489 magnis
212 3406 359 3470 laudibus
381 3404 516 3478 extollit,
541 3403 598 3469 hoc
622 3406 809 3489 opusculum
834 3407 987 3471 extremis
1008 3406 1117 3490 digitis

61 3508 182 3591 attigit.
230 3509 358 3573 Deinde
372 3507 516 3573 Jacobns
530 3506 680 3592 Micyllus
695 3507 952 3590 Argentineusis,
965 3518 1116 3573 accurato

62 3613 113 3675 sir
133 3611 274 3692 ingenio,
291 3611 413 3693 aliquas
430 3609 670 3675 observationes
689 3610 824 3683 addidit,
842 3609 957 3692 quibus
972 3631 1037 3674 nou
1049 3632 1116 3676 me·
1182 3601 1186 3608 ’

62 3713 207 3780 dicerem
222 3713 351 3777 laudem
367 3712 493 3777 meruit.
526 3711 592 3776 Hic
606 3711 728 3796 Micylli
744 3732 859 3776 nomeu
874 3712 1016 3787 retinuit,
1028 3714 1116 3795 quod

62 3835 147 3899 puer
160 3815 240 3878 scite
255 3836 424 3898 personam
438 3815 558 3899 egisset
574 3814 708 3899 Micylli,
722 3814 816 3878 nnius
828 3835 870 3877 ex
884 3815 1115 3880 interlocutori-

64 3916 125 3981 bus
147 3916 181 3981 iu
203 3917 330 4001 dialogo
346 3917 491 3991 Luciaui,
508 3918 565 4000 qui
580 3915 690 3997 ὀκιρις
708 3918 723 3989 ἢ
743 3919 902 3998 Ἀλατρυὸι
918 3919 1117 3982 inscribitur:

64 4019 299 4085 ovidianomm
321 4030 430 4084 autem
453 4038 585 4104 operum
604 4020 803 4095 recensione,
821 4033 857 4084 et
872 4021 966 4084 variis
984 4020 1119 4084 Lucinni

64 4121 163 4185 latine
176 4123 323 4196 redditis,
340 4131 408 4186 tum
424 4123 523 4206 poesi,
540 4132 574 4187 et
588 4123 713 4187 duobus
728 4123 945 4188 arithmeticos
960 4121 1116 4206 logistioss
