2806 5018
175 345 241 410 382
572 342 829 409 Excessus

176 517 314 602 quodam
341 516 459 580 Latine
486 538 624 591 versum,
650 539 669 580 e
696 517 838 600 pluribus
862 517 1071 597 compilatum
1098 525 1133 580 et
1161 516 1222 580 sine

175 620 365 682 auctoritate
387 618 522 682 Petavio
541 620 677 683 videtur.
722 621 812 684 Aetii
831 618 982 685 Autideui
1002 619 1125 683 medici
1144 625 1221 697 καρά-

174 749 268 800 cuppa
282 721 411 801 (Petav.
427 723 516 798 421.)
536 744 591 787 eas
615 732 738 786 tantum
760 725 842 787 aeris
862 722 1077 795 mutationes,
1091 743 1165 804 qnae
1185 717 1221 781 ad

175 833 367 907 aegrotorum
391 833 509 888 statum
532 825 670 909 aliquam
694 826 755 889 vim
779 825 896 890 habere
920 825 1151 896 credebantur,
1170 842 1221 884 ex·

175 926 288 1010 carpit.
334 925 437 990 Usum
460 948 571 991 eorum
594 928 626 990 in
652 927 868 992 Romanorum
891 928 981 991 fastis
1007 925 1149 999 rusticis,
1171 922 1220 1007 qui

175 1030 235 1094 toti
250 1030 289 1092 ab
304 1031 342 1093 iis
360 1031 429 1094 fere
450 1032 603 1114 pendent,
622 1031 820 1114 explicandis
840 1041 873 1094 et
891 1029 1111 1115 dijudicandis
1128 1028 1220 1091 maxi

175 1153 263 1196 mum
277 1153 360 1206 esse,
376 1141 476 1216 patet.

219 1232 288 1297 III.
312 1233 352 1297 In
367 1235 426 1297 hac
442 1236 538 1297 etiam
554 1256 599 1309 re,
617 1233 742 1298 Graecis
757 1236 986 1318 praeeuntibus,
1000 1233 1220 1299 Romanitas-

84 1402 87 1408 ,
175 1335 231 1401 tici
253 1337 368 1399 eadem
393 1345 631 1419 parapegmata,
651 1337 693 1401 ad
712 1358 785 1421 quoe
807 1338 937 1420 negotia
959 1337 1083 1401 rustica
1102 1356 1221 1418 compo·

177 1449 292 1504 nerent
313 1449 347 1503 et
368 1442 453 1503 unde
479 1448 686 1523 tempestates
709 1441 935 1523 praeviderent,
955 1442 1145 1525 quotidiano
1167 1460 1221 1503 usn

176 1542 334 1616 terebant,
350 1551 384 1604 et
399 1541 545 1616 Ovidius,
562 1543 594 1604 in
615 1544 754 1606 carmine
775 1565 832 1606 suo
854 1544 1035 1617 condendo,
1053 1543 1112 1607 hos
1128 1543 1221 1604 fastos

176 1645 311 1708 rusticos
334 1665 407 1707 cnm
431 1644 571 1718 urbanis,
595 1645 652 1728 qui
674 1666 745 1707 raro
769 1643 909 1708 siderum
932 1646 1132 1709 mentionem
1157 1643 1221 1726 inji-

175 1747 274 1821 ciunt,
302 1747 477 1831 conjunxit.
523 1747 713 1811 Accedebat
737 1757 843 1811 autem
873 1749 905 1812 in
935 1748 983 1812 his
1008 1748 1092 1812 alius
1121 1747 1220 1810 adhuc

176 1870 264 1922 usus,
289 1849 440 1914 feriarum
470 1849 538 1913 scil.
565 1850 752 1913 rusticarum
782 1849 1048 1935 publicorumque
1078 1849 1221 1914 sacrifici·

176 1974 266 2016 orum
287 1953 477 2027 notationes,
498 1974 594 2036 quem
618 1961 724 2016 tamen
750 1975 840 2017 usum
862 1953 988 2017 Graecis
1012 1954 1113 2017 etiam
1137 1973 1220 2037 para·

176 2056 377 2140 pegmatibus
396 2056 506 2130 fuisse,
528 2056 687 2141 conjicere
710 2057 785 2119 licet
805 2079 823 2120 e
842 2056 968 2120 Colum.
986 2055 1059 2120 IX.
1076 2057 1145 2121 xiv.
1160 2078 1221 2119 sec.

176 2157 237 2221 12:
266 2159 380 2224 Ver-um
401 2159 434 2221 iu
454 2158 513 2222 tac
530 2159 618 2222 ruris
637 2159 805 2244 disciplina
824 2182 936 2245 sequor
951 2182 1035 2223 nuuc
1049 2159 1179 2224 Eudoxi
1194 2168 1222 2233 ,el

176 2261 327 2334 Metonis,
343 2262 603 2347 antiquorumque
611 2262 722 2349 fastus
737 2263 978 2350 astroloqorum,
994 2264 1052 2348 qui
1072 2273 1150 2327 suut
1170 2285 1221 2348 cp

177 2364 241 2425 tati
249 2363 386 2447 publicis
399 2363 575 2446 sacrificiis.
614 2364 740 2428 Mutato
756 2364 918 2428 horizonte
933 2374 967 2427 et
983 2375 1133 2448 tempore
1148 2365 1222 2427 veri-

176 2472 225 2527 tas
240 2486 349 2528 eorum
366 2465 452 2527 nulla
472 2476 551 2538 erat,
570 2468 626 2529 sed
648 2467 744 2529 etiam
765 2475 838 2549 post
853 2465 990 2530 Caesaris
1010 2469 1223 2531 accuratiores

176 2566 314 2629 calculos
339 2588 465 2650 semper
488 2568 591 2630 adhuc
616 2569 647 2630 in
675 2591 736 2631 usu
758 2570 939 2642 manebant,
964 2579 997 2632 et
1023 2570 1057 2633 in
1083 2592 1222 2635 normam

176 2670 376 2752 negotiorum
405 2672 594 2734 rusticorum
624 2671 865 2735 adhibebantur.
912 2672 1027 2755 Pergit
1055 2672 1129 2736 Col.
1153 2676 1174 2736 l.
1197 2698 1222 2735 c.

179 2771 264 2852 Quia
277 2781 307 2834 et
323 2774 428 2834 notior
443 2782 488 2834 est
510 2775 574 2835 ista
589 2784 676 2836 uetus
691 2775 839 2861 apricolis
855 2784 1005 2858 concepta
1020 2777 1152 2858 opinio,·
1174 2798 1224 2838 uec

177 2882 280 2937 tamea
296 2876 482 2961 Hipparchi
501 2877 661 2939 subtilitas
670 2878 901 2963 pinquiorihus,
919 2887 953 2940 ut
971 2878 1076 2951 uiaret,
1094 2880 1222 2942 rustico-

176 2999 247 3039 rum
261 2977 362 3039 lileris
377 2978 551 3040 necessaria
567 2987 624 3039 est.
659 2979 710 3042 Ex
727 2980 763 3041 iis
779 2989 883 3042 antem
901 2979 1094 3042 kalendaria
1110 2983 1224 3043 rustica

175 3080 329 3143 sideratio
344 3091 380 3143 ut
395 3082 479 3163 apud
497 3081 622 3143 Colum.
636 3083 680 3144 xi.
695 3082 733 3158 23
758 3082 842 3144 Plin.
860 3083 948 3144 xviii.
961 3084 1005 3144 25
1018 3106 1089 3166 sqq.
1109 3085 1222 3162 Quinc-

177 3184 258 3247 tilios
279 3184 363 3266 apud
381 3183 487 3266 Geop.
505 3184 533 3246 I.
550 3187 594 3245 ix.
619 3207 651 3267 p.
667 3184 720 3246 39.
744 3195 883 3256 exstant,
900 3186 1037 3247 conflata
1058 3199 1146 3260 sunt,
1164 3208 1220 3248 om·

176 3286 293 3368 niaque
312 3296 475 3368 praecepta
491 3285 598 3358 Plinii,
621 3286 811 3348 Columellae
828 3286 1030 3369 Virgiliique,
1053 3289 1079 3350 si
1101 3296 1221 3371 tempus

176 3387 380 3450 indicandum
399 3396 459 3460 est,
476 3411 537 3450 non
559 3389 630 3449 anni
650 3410 786 3460 menaea,
805 3392 862 3452 sed
880 3390 1020 3452 siderum
1041 3412 1174 3454 occasus
1194 3400 1222 3452 et

177 3500 263 3553 ortus
283 3500 440 3573 spectant.
491 3491 541 3553 De
563 3491 662 3573 ipsius
684 3501 790 3554 autem
811 3492 885 3554 coeli
907 3493 1134 3556 observatione
1154 3507 1220 3557 tunc

176 3613 238 3654 non
255 3593 454 3675 cogitabatur
469 3593 499 3653 in
522 3593 649 3665 rustice,
666 3602 700 3655 et
715 3593 798 3656 Plin.
816 3594 904 3656 xviii.
922 3616 946 3655 a.
963 3594 1016 3655 60.
1034 3595 1089 3658 65.
1105 3598 1159 3659 67.
1179 3599 1219 3658 iu·

174 3695 302 3758 docilem
317 3697 385 3759 eoeli
399 3698 570 3782 apriculum
583 3699 622 3759 ad
639 3697 713 3759 folia
729 3698 866 3760 decidua
879 3708 1040 3781 tamquam
1057 3699 1219 3763 Pleiadum

176 3799 389 3862 occidentium
412 3801 549 3882 siguum,
565 3801 737 3863 cicindelas
754 3810 861 3865 autem
877 3801 1035 3874 lucentes,
1053 3803 1160 3865 sidera
1173 3803 1220 3864 illa

176 3902 349 3973 terrestria,
369 3911 403 3961 nt
424 3901 604 3964 coelestium
620 3903 888 3986 contemplatione
906 3913 1047 3978 careant,
1065 3914 1220 3988 tamquam

176 4003 300 4065 solstitii
324 4004 606 4085 appropinquantis
630 4006 755 4088 signum
785 4007 952 4069 attendere
974 4007 1081 4089 jubet.
1122 4007 1222 4091 turgi-

175 4102 250 4166 lium
267 4103 403 4186 (Georg.
420 4104 440 4166 i.
455 4105 543 4184 237.)
560 4108 666 4180 etiarn,
686 4110 739 4190 qui
758 4110 920 4190 praecipit:
