2806 5018
173 338 237 403 Μ
564 334 820 400 EXCURSUS

176 510 228 575 rel
253 510 293 573 ob
318 508 511 572 inconditam
536 509 674 591 linguam
699 508 753 571 vix
779 506 1044 590 intelligerentur.
1092 502 1216 567 Graecis

176 620 285 676 autem
304 611 418 674 subulis
437 610 537 676 literae
558 610 712 675 Romanae
736 617 812 672 tunc
835 607 1033 692 potissimum
1057 604 1139 668 citra
1160 603 1215 668 du-

176 715 262 779 bium
288 716 409 780 obrutae
435 722 519 788 sunt,
547 736 644 798 quum
670 711 793 776 Graecis
819 711 924 794 poetis
949 716 985 772 et
1011 707 1217 791 scriptoribus

175 817 338 881 vertendis
359 814 498 879 Romani
520 815 681 898 ingenium
705 833 860 876 exercere
882 810 1068 894 coepissent,
1085 817 1121 873 et
1144 817 1217 871 tuuc

176 919 325 992 maxime,
340 939 437 1001 quum
453 939 510 1001 pro
526 917 632 981 Crono
647 919 834 990 Saturnum,
846 937 904 999 pro
919 913 1015 978 Rhea
1034 914 1150 1000 Opem,
1165 933 1218 996 pro

178 1020 307 1085 Baccho
320 1020 466 1084 Liberum
479 1021 718 1092 substituerent,
735 1021 855 1082 factum
870 1026 929 1090 est,
941 1026 978 1080 ut
993 1015 1098 1100 mytbi
1112 1014 1219 1079 Greci

175 1124 217 1187 ad
239 1122 306 1187 lroec
325 1122 452 1185 nomina
470 1122 642 1186 domestica
660 1122 866 1184 reserrentur.
912 1117 966 1182 Ita
983 1118 1016 1181 in
1038 1117 1217 1181 multisne·

178 1225 266 1298 cidit,
290 1233 327 1288 ut
352 1223 473 1287 nonnisi
500 1224 626 1286 nomina
651 1224 690 1285 ad
715 1222 841 1285 Latium
867 1220 1063 1305 pertinentia
1084 1224 1219 1304 arguant

174 1327 364 1411 religionem
387 1346 496 1389 eorum
518 1326 562 1388 ibi
584 1325 790 1389 domesticam
815 1345 906 1397 esse;
931 1322 1051 1386 fabulae
1071 1338 1219 1385 omuese

178 1427 306 1493 Graecia
329 1429 438 1512 petitoe
460 1434 544 1490 suut.
589 1427 860 1492 Jucundissimum
887 1426 1014 1498 accidit,
1040 1421 1219 1507 siquando

176 1530 430 1594 commutationis
454 1550 563 1592 eorum
582 1549 654 1592 cum
675 1528 855 1591 numinibus
875 1527 999 1591 Graecis
1022 1533 1220 1589 momentum

177 1630 285 1715 aliqua
300 1651 372 1694 cum
383 1630 656 1693 verisimilitudine
671 1629 920 1713 deprehendisse
932 1628 1022 1691 uobis
1036 1627 1141 1690 rideri
1152 1647 1219 1710 pos·

178 1753 296 1806 sumus,
314 1741 350 1795 ut
367 1754 438 1795 vac.
472 1731 643 1795 Saturnum
658 1730 824 1816 oumsulce
838 1730 957 1814 agresti
972 1731 1003 1793 in
1020 1731 1122 1807 Κρόνον,
1136 1728 1218 1814 quud

178 1834 232 1899 ille
243 1833 332 1920 sulec
352 1834 545 1906 demetebat,
560 1833 675 1897 abiisse
698 1833 788 1895 multi
809 1833 892 1896 bene
913 1832 1138 1898 observarunt.
1181 1830 1218 1896 In

178 1936 248 1999 aliis
263 1957 294 1999 v.
307 1958 335 2000 c.
363 1938 461 2000 Anna
475 1937 635 2012 Perenne,
648 1937 752 2009 Maia,
769 1937 883 2010 Sanco,
898 1935 981 1998 baud
998 1936 1098 2000 dubie
1115 1934 1218 2020 appel·

178 2035 304 2101 lationis
316 2038 562 2111 similitudinem,
578 2038 611 2100 iu
627 2037 694 2100 aliis
710 2036 792 2100 utin
808 2037 952 2111 Matuta,
963 2037 1054 2100 vocis
1065 2036 1217 2121 siguifica-

178 2139 297 2203 tionem
312 2140 389 2204 illud
405 2149 597 2203 momentum
613 2140 721 2214 fuisse,
738 2159 802 2223 quo
815 2139 941 2202 nomine
956 2141 1218 2222 comparabantur

180 2251 215 2304 et
229 2243 512 2317 commutabuntur,
529 2250 679 2326 apparet3
702 2242 775 2305 vide
791 2242 883 2305 inlra.

225 2343 277 2406 De
303 2344 488 2426 quibusdam
514 2353 601 2407 certe
626 2344 804 2408 numinibus
830 2345 861 2406 in
886 2352 996 2407 vetere
1023 2344 1120 2409 Latio
1145 2343 1216 2409 altra

180 2447 426 2510 controversiam
443 2447 634 2521 domesticis,
651 2448 757 2530 deque
772 2447 904 2509 aliorum
921 2445 1078 2528 probabili
1095 2447 1216 2510 notione

180 2555 216 2607 et
230 2545 440 2629 interpolandi
455 2549 578 2611 ratione
593 2550 739 2632 quaedam
756 2549 852 2612 verba
866 2550 984 2622 facere,
999 2557 1075 2631 post
1095 2569 1136 2612 ea
1150 2566 1215 2632 qua

182 2646 234 2709 ΙΙΙ.
260 2646 408 2732 Heyuius
437 2649 457 2710 l.
482 2672 510 2712 o.
535 2649 641 2725 babet,
665 2652 705 2714 ab
730 2651 839 2716 Ovidii
864 2652 1131 2734 interpretatione
1161 2670 1216 2715 nou

181 2749 317 2811 alienum
334 2751 404 2813 erit.
434 2750 593 2816 Universa
605 2754 733 2817 numina
747 2754 808 2828 illa,
824 2753 918 2817 modo
933 2772 1028 2832 reges
1044 2753 1215 2835 beroesqua

179 2852 213 2916 iu
234 2853 365 2915 deorum
388 2875 552 2917 numerum
573 2856 676 2931 relati,
692 2858 786 2920 modo
806 2856 959 2939 praesides
978 2864 1013 2917 et
1033 2855 1129 2938 primi
1150 2875 1215 2918 auc·

181 2962 266 3018 tores
286 2975 417 3037 operum
438 2958 620 3039 agrestium,
637 2959 731 3022 modo
749 2956 895 3041 nymphae
911 2966 944 3019 et
958 2957 1092 3019 numina
1105 2957 1215 3040 sylves·

182 3056 242 3120 tria
260 3065 294 3119 et
314 3067 461 3120 montana
477 3059 632 3122 vaticiniis
651 3059 746 3131 clara,
764 3060 857 3123 modo
875 3060 927 3121 dei
946 3059 1102 3122 tutelares
1117 3060 1215 3141 singu·

181 3155 283 3223 lorum
309 3157 469 3221 bominum
494 3159 603 3234 luisse,
629 3160 787 3224 videntur.
833 3162 885 3224 De
908 3161 992 3225 Jauo
1019 3169 1053 3223 et
1080 3160 1216 3224 Saturno
1258 3218 1262 3223 .

182 3261 395 3324 celeberrimis
425 3262 551 3324 omnino
578 3263 609 3324 iu
637 3263 693 3325 bac
720 3262 913 3347 mythologie
939 3262 1122 3326 nominibus
1148 3263 1177 3325 b.
1198 3259 1216 3321 l.

181 3384 278 3446 agere
296 3364 506 3446 supersedeo:
530 3365 570 3426 de
590 3363 690 3427 altero
709 3387 781 3449 quoe
800 3364 914 3428 tentari
929 3375 1063 3448 possunt
1079 3367 1121 3429 ud
1137 3366 1216 3430 Fast.

181 3465 202 3526 i.
219 3465 350 3547 collegi;
372 3466 414 3527 de
432 3465 532 3528 altero
551 3467 591 3529 ud
608 3465 658 3529 Ill.
677 3466 843 3550 Heynium
858 3466 879 3529 l.
896 3488 923 3529 c.
940 3465 1090 3549 relegare
1106 3467 1216 3531 licebit.

184 3565 237 3627 De
249 3565 379 3630 Silvano
394 3566 491 3628 multu
508 3566 637 3648 collegit
651 3576 684 3629 et
699 3568 871 3650 disputavit
884 3566 935 3630 Ill.
946 3567 1041 3631 Voss.
1054 3569 1098 3632 ad
1112 3569 1216 3650 Eclog.

182 3688 214 3748 p.
230 3665 303 3728 521.
350 3667 401 3730 De
416 3666 568 3731 Liberos.
584 3668 727 3732 Loebusio
747 3669 820 3732 vide
844 3670 992 3732 eumdem
1018 3670 1059 3732 ad
1084 3669 1155 3734 Ecl.
1172 3668 1218 3730 vii.

180 3766 234 3830 58.
281 3767 333 3830 De
355 3767 486 3841 Cerere,
509 3790 581 3852 quae
604 3779 824 3833 maturanum
849 3770 1005 3832 Demetre
1030 3779 1219 3834 commutata

183 3877 242 3941 est,
261 3868 314 3930 vix
329 3869 447 3952 aliquid
465 3881 581 3953 praeter
595 3892 721 3944 nomen,
739 3872 823 3954 quod
846 3870 997 3935 Sabinum
1014 3893 1100 3945 esse,
1117 3881 1150 3935 et
1164 3892 1220 3956 pu·

182 3992 248 4033 mm
265 3991 377 4033 sonare
392 3971 502 4034 volunt
520 3973 728 4054 grammatici,
745 3981 910 4057 superest,
932 3973 1025 4036 Serv.
1042 3974 1086 4037 ad
1102 3974 1218 4056 Georg.

182 4072 202 4134 i.
218 4073 248 4136 7.
292 4072 357 4135 Alii
377 4073 579 4156 explicabant
601 4096 658 4157 per
679 4075 787 4149 Geras,
807 4074 1039 4158 permutatione
1060 4075 1220 4139 literarum
