2806 5018
307 348 373 416 464
600 347 639 412 Ρ.
663 343 824 412 OVIDII
849 345 1061 413 NASONIS

359 521 394 594 N
398 545 442 594 ec
460 530 586 593 tamen
604 520 642 592 in
660 520 803 594 medias
822 521 945 619 pelagi
963 531 1001 594 te
1020 543 1185 619 pergere
1202 520 1314 594 sedes

307 636 554 722 Admoueam,
573 637 746 734 vastique
765 638 877 710 maris
895 647 1041 710 tentare
1060 635 1306 735 profundum.

308 751 413 826 Inter
426 762 628 848 utrumque
643 753 716 826 loci
731 754 864 827 melius
876 753 1125 827 moderabere
1140 752 1289 826 funem.
1312 753 1354 823 ut

307 867 454 966 Aspera
471 893 560 941 num
579 869 680 941 saxis
699 869 782 942 loca
800 869 896 942 sint:
925 891 1012 941 nam
1030 869 1124 941 talia
1142 869 1273 943 lentos

307 981 531 1081 Deposcuut
547 985 733 1070 calamos;
762 995 801 1056 at
817 1006 951 1082 purum
969 983 1064 1056 retia
1080 983 1190 1056 litus.

306 1099 410 1173 Num
428 1122 535 1170 mons
552 1098 749 1171 horrentes
767 1097 942 1172 demittat
958 1097 1095 1170 celsior
1113 1098 1275 1171 umbras

305 1210 352 1284 Iu
366 1237 489 1287 mare:
514 1236 600 1286 nam
610 1213 709 1286 varie
723 1213 878 1308 quidam
888 1211 1115 1308 fugiuntque
1130 1221 1351 1310 petuntque.

306 1326 409 1400 Num
427 1329 523 1402 vada
540 1328 710 1401 subnatis
729 1328 804 1400 imo
821 1327 1027 1400 viridentur
1045 1327 1094 1400 ab
1116 1327 1265 1402 herbis.
1312 1329 1353 1398 90

306 1555 561 1651 Objectetque
579 1579 715 1640 moras,
734 1566 773 1629 et
790 1556 893 1628 molli
910 1556 1048 1629 serviat
1065 1556 1180 1653 olgae.

305 1667 518 1767 Descripsit
536 1670 646 1742 sedes
664 1670 763 1742 varie
783 1669 928 1742 Natura
945 1669 1147 1766 profundi3

304 1783 388 1859 Nec
405 1796 564 1858 cunctos
582 1808 657 1857 una
673 1784 791 1857 voluit
807 1785 1013 1858 consistere
1032 1785 1176 1883 pisces,

304 1898 405 1972 Nam
423 1901 590 1996 gaudent
606 1900 754 1997 pelago,
774 1900 906 1997 quales
926 1899 1199 2000 Scombrique,
1218 1904 1348 1979 Boves·

304 2013 466 2115 Hippuri
484 2017 638 2103 celeres,
658 2025 697 2090 et
715 2015 820 2112 nigro
839 2027 984 2112 tergore
1004 2015 1137 2106 Milvi;
1253 2022 1348 2118 [que,

304 2262 401 2328 fidosve
415 2265 507 2314 dixerut
523 2265 615 2330 relique
630 2264 742 2314 animulis
756 2273 802 2314 ter·
852 2262 958 2328 Oppisu.
977 2263 1034 2312 uu.
1055 2264 1113 2312 loe.
1130 2263 1256 2330 supplevit
1271 2264 1352 2313 vultu

302 2339 385 2386 restris
397 2353 440 2386 suo
450 2338 553 2402 quodem
568 2338 680 2387 instinctu
690 2337 738 2401 sgi,
748 2353 801 2401 quse
851 2335 896 2384 hoc
918 2335 1000 2385 modo:
1024 2343 1041 2366 “
1049 2336 1172 2401 Gurgite:
1197 2337 1282 2387 limoss
1300 2351 1350 2385 nun

302 2410 355 2475 ipse
370 2420 455 2459 ustura
469 2422 551 2466 monet,
567 2411 604 2459 vel
620 2410 748 2475 sequendo,
764 2412 802 2460 vel
851 2409 905 2473 quis
915 2418 1026 2472 poscatur
1036 2409 1138 2457 usus?

302 2483 409 2530 cominus
424 2483 700 2548 depugnondo,venari;
717 2500 801 2548 quum·
883 2484 923 2530 92.
942 2483 1065 2544 Descripsit
1083 2485 1146 2531 sedes
1164 2484 1266 2547 urias]
1292 2483 1352 2530 Veris

302 2569 349 2618 que
369 2554 446 2618 pisces
459 2556 509 2619 jsm
526 2555 625 2604 rslritie'
638 2557 742 2620 quedam
760 2567 802 2607 sut
850 2554 946 2604 Thoan.
964 2566 991 2604 ut
1010 2571 1098 2621 supra:
1120 2562 1139 2583 ‘¹
1160 2557 1278 2605 ...Nem
1294 2554 1352 2603 serie

302 2625 356 2683 bac,
369 2636 411 2676 aut
423 2628 479 2676 illac
492 2629 608 2677 excellere
624 2629 738 2686 docuerit,
748 2630 802 2679 ideo
850 2629 948 2692 quidam
955 2629 1105 2693 ›fugiuntque
1121 2630 1288 2694 petuntque.''
1317 2629 1352 2676 Ars

299 2702 351 2766 jruu
368 2702 471 2766 subjicit,
485 2713 535 2751 arte
549 2704 661 2751 adversus
677 2721 718 2752 eos
733 2713 801 2753 uten·
852 2704 969 2762 Dirsepsit,
980 2711 1006 2749 ut
1019 2703 1044 2749 in
1055 2702 1160 2750 Metam.
1172 2702 1216 2751 lib.
1227 2702 1254 2750 it
1269 2701 1309 2750 sed
1319 2703 1350 2748 si·

302 2774 368 2830 dum,
380 2775 421 2838 qui
437 2791 482 2822 non
495 2785 579 2823 natura
590 2791 641 2831 sus,
653 2786 694 2823 out
705 2777 802 2832 viribus,
851 2773 884 2821 hil
906 2783 992 2822 temere
1013 2785 1093 2822 muts:
1123 2776 1181 2823 vide
1200 2775 1285 2824 Giisn.
1303 2773 1350 2822 lud

302 2856 344 2896 tut
360 2848 424 2910 suge,
440 2848 484 2896 sibi
502 2864 593 2913 semper
610 2849 744 2904 consulunt,
758 2849 800 2896 sed
851 2848 947 2896 Lucret.
966 2849 1054 2895 Herus.

301 2921 396 2986 iusuper
414 2922 509 2985 ingenio
527 2932 551 2970 et
567 2923 689 2971 fraudibus
703 2933 800 2971 certent.
882 2922 923 2968 9⁴.
939 2920 1105 2983 Servatoque]
1131 2919 1213 2977 Idem,
1228 2921 1349 2975 Semirus,

301 2995 349 3043 Hie
363 3012 445 3043 sensus
461 2997 531 3044 totius
548 2996 705 3058 digressionis,
717 3006 741 3043 et
757 2996 800 3044 hu·
851 2994 929 3041 Latin
948 2993 1085 3057 Σκόμβρος,
1097 2993 1202 3042 Graece:
1221 2995 1350 3048 memet.

298 3069 338 3133 jus
347 3067 480 3118 ἐπανόδου.
498 3069 637 3116 luem—ln
649 3071 698 3116 illa.
719 3069 800 3127 Cane;
850 3067 942 3115 ltalice.
977 3068 1086 3115 ltlarinus
1096 3066 1120 3114 io
1132 3068 1241 3116 srenosis
1252 3069 1350 3116 litoribus

298 3150 335 3189 est
351 3141 413 3190 enim
430 3143 496 3191 dubii
514 3143 607 3206 generis
623 3142 686 3207 apud
703 3144 800 3192 Graecos
849 3150 893 3188 est.
906 3141 1132 3203 Cion-Bomos.
1152 3141 1350 3206 BoossOppiauut

299 3215 387 3277 pariter
398 3224 422 3262 et
434 3215 539 3262 Latinos.
557 3216 636 3263 Gusu.
850 3214 951 3262 collocet
968 3215 1078 3262 incoeuo
1095 3215 1178 3263 maris.
1211 3216 1350 3265 &Deus

335 3289 374 3335 86.
393 3289 498 3350 Aspero]
519 3289 593 3336 Deest
606 3290 702 3336 verbum
717 3292 799 3349 aspice,
848 3287 901 3341 bus,
913 3288 1031 3342 AElianus,
1043 3287 1085 3335 lib.
1095 3287 1111 3334 i.
1123 3303 1146 3336 c.
1159 3291 1200 3338 20.
1218 3290 1250 3338 C.

298 3360 338 3409 vel
349 3360 432 3408 simile.
451 3362 526 3408 luen.
881 3363 922 3409 95.
942 3362 1045 3423 Hippuri
1063 3363 1170 3426 cetera]
1198 3364 1349 3425 Hippsnss

332 3435 372 3481 87.
390 3436 420 3480 At
431 3452 514 3495 purum
524 3438 582 3482 retia
591 3435 666 3496 litus]
683 3436 797 3492 Verbum,
848 3433 930 3481 caudae
942 3435 1035 3498 equine
1046 3434 1206 3484 similitudine
1219 3452 1306 3484 nomen
1315 3451 1348 3483 tt·

298 3510 403 3569 deposcit,
415 3507 453 3555 hic
464 3509 599 3557 subaudies.
627 3509 746 3557 Describit
757 3525 798 3557 au·
849 3508 920 3570 cepit,
931 3508 1004 3572 pinna
1014 3507 1106 3555 scilicet
1121 3523 1138 3556 s
1152 3510 1235 3574 cupite
1251 3510 1282 3558 sd
1297 3524 1347 3557 css·

298 3589 347 3628 tem
361 3580 441 3643 qualia
454 3595 505 3628 esse
520 3590 627 3645 oporteat
638 3581 698 3636 loca,
710 3581 733 3629 in
745 3583 797 3646 qui·
849 3581 905 3629 darn
932 3582 1043 3637 deducta,
1065 3598 1119 3646 quus
1147 3585 1236 3632 caude
1264 3583 1347 3648 equine

296 3653 342 3700 bus
358 3651 464 3700 homines
480 3654 606 3717 piscentur,
618 3665 642 3702 et
659 3655 744 3719 quibus
761 3659 795 3705 uti
846 3654 966 3704 simillima
981 3666 1031 3704 est:
1054 3654 1136 3704 hieme
1152 3657 1252 3714 lstitat3
1274 3665 1346 3704 aestste

296 3725 399 3773 debeant
409 3725 576 3776 instrumentis.
592 3731 795 3778 Cion-Porum.
847 3737 938 3776 tontum
954 3730 1062 3793 capitur;
1081 3731 1225 3779 carnivorus
1243 3740 1288 3786 est.
1299 3746 1345 3778 sos·

297 3798 353 3846 Sine
369 3798 431 3846 suxis
445 3808 469 3846 et
483 3800 550 3863 algis.
562 3802 631 3848 MSS.
642 3819 753 3862 pulcrum:
770 3803 794 3851 id
846 3803 887 3851 tris
898 3801 1006 3851 litoribus
1016 3803 1127 3865 ignotus;
1146 3805 1265 3869 Hispanis
1274 3818 1343 3867 cugul-

296 3880 332 3920 est
342 3873 472 3933 pulchrum,
484 3874 521 3921 vel
533 3892 636 3922 estruem.
655 3877 729 3923 er.
845 3884 891 3930 tus,
903 3891 918 3922 a
931 3875 1017 3939 quibus
1032 3884 1133 3923 vocetur
1144 3877 1280 3943 lampage.
1296 3876 1342 3925 Gis

329 3948 368 3993 89.
388 3946 507 4008 Quidum]
528 3948 617 4002 Pisces,
628 3948 728 3995 scilicet.
846 3949 891 3997 cas.
917 3949 1102 3997 cios-Mine.
1135 3950 1237 4007 Milvus,
1260 3951 1343 3999 hune.

328 4020 371 4067 90.
391 4020 453 4065 Num
471 4021 550 4081 eadm]
576 4022 633 4068 Post
651 4021 713 4068 bunc
730 4022 796 4070 deest
844 4021 1037 4085 'lipoE,Grteee.
1056 4024 1284 4080 Rondinodtsliee.
1303 4025 1340 4071 Pe·

296 4109 376 4141 versus
390 4092 452 4146 telis,
468 4102 509 4140 sut
524 4092 623 4140 similis:
642 4101 656 4120 '⁸
666 4093 695 4141 lu
711 4096 793 4152 fundo,
845 4096 922 4159 lugius
930 4114 938 4156 3
954 4095 1025 4143 altius
1037 4098 1109 4152 volat,
1121 4114 1198 4162 quam
1211 4098 1342 4152 himarus

295 4164 617 4229 solentqueillicsepasosre
630 4166 729 4231 piscis.’'
759 4170 794 4216 Ex
846 4170 876 4217 ad
887 4170 973 4234 lapidis
979 4170 1087 4234 jectum:
1106 4171 1133 4219 id
1147 4182 1229 4222 sutem
1244 4173 1301 4221 solet
1313 4168 1340 4214 tt·
