2806 5018
172 347 238 421 580
567 342 827 409 EXCURSUS

174 539 253 592 rem,
268 517 310 580 ad
336 513 467 587 Carum,
484 515 526 577 ad
547 512 713 588 Perillam,
731 516 772 579 ad
799 514 951 589 Brutum,
969 514 1013 578 ad
1043 513 1234 589 Maximum,

176 620 218 683 ad
238 615 404 688 Rufinum,
422 614 461 677 ad
479 602 677 688 Graecinum,
692 615 733 677 ad
756 614 978 690 Messalinum,
996 617 1040 680 ad
1067 615 1227 688 Severum,

175 720 217 782 ad
241 716 405 789 Flaccum,
425 716 467 778 ad
491 715 734 789 Germanicum,
754 717 794 780 ad
820 716 988 788 Solauum,
1010 719 1056 781 ad
1078 717 1226 790 Atticum,

175 822 217 884 ad
240 819 443 891 Cottamad
468 817 586 890 Cotim,
608 817 649 881 ad
673 817 833 891 Suillium,
854 818 894 882 ad
918 818 1175 893 Albinovanum,
1193 819 1225 882 ud

177 920 371 993 Gallionem,
396 920 437 983 ad
461 919 653 982 Tuticanum
681 918 832 1002 epistolas
857 919 967 994 mittit,
992 922 1036 983 ad
1068 920 1225 1005 Hyginum

177 1043 253 1086 vero
269 1021 398 1085 nullam.
442 1018 496 1082 An
511 1020 595 1083 forte
611 1019 665 1084 illc
681 1021 786 1083 estad
802 1042 898 1102 quem
912 1043 1092 1105 suppresso
1110 1023 1224 1085 nomine

176 1125 271 1188 toties
286 1122 415 1188 scmbitl
440 1123 637 1205 neutiquam.
676 1121 842 1206 Hyginum
859 1121 946 1185 enim
962 1124 1142 1187 admodum
1156 1145 1222 1206 pau·

177 1246 288 1309 perem
309 1223 486 1289 decessisse
501 1222 706 1306 Tranquillus
727 1223 790 1296 ait3
812 1222 951 1286 alterum
975 1224 1124 1300 divitem,
1139 1234 1225 1306 atque

178 1328 293 1411 opibus
313 1327 528 1391 abundantem
543 1325 652 1398 fuisse,
671 1324 759 1388 Naso
775 1325 894 1387 diserte
908 1326 1058 1409 prodidit
1078 1327 1124 1390 his
1140 1327 1225 1390 versi·

181 1429 251 1505 bus,
267 1450 347 1513 quos
368 1428 408 1491 ad
430 1429 567 1491 amicum
588 1427 694 1501 mittit,
711 1426 802 1511 cujus
823 1449 940 1492 nomen
956 1429 1107 1493 consulto
1121 1435 1225 1512 prete

179 1531 230 1605 rit,
247 1531 410 1604 Tristium,
428 1528 491 1593 IV.
510 1529 562 1592 El.
579 1551 596 1590 v
610 1552 618 1591 ι

297 1655 341 1714 Ol
362 1656 435 1714 mihi
448 1655 568 1715 dilectos
580 1657 658 1715 inter
670 1676 730 1715 sors
742 1658 835 1733 prima
848 1656 969 1726 sodales,

338 1748 432 1807 Unica
445 1749 568 1808 fortunis
581 1769 630 1808 ara
644 1760 759 1827 reperta
771 1750 861 1820 meis;

296 1842 389 1918 Cujus
402 1844 438 1901 ab
451 1842 593 1920 adloquiis
607 1844 702 1902 anima
714 1843 776 1902 hoec
789 1843 959 1904 moribunda
973 1846 1093 1913 revixit,

338 1935 380 1994 Ut
394 1936 466 2013 vigil
479 1936 576 1995 inlusa
590 1936 708 1996 Pallade
722 1938 836 1998 flamma
848 1939 921 1998 solet
933 1961 943 2009 ;

300 2029 361 2100 Qui
374 2030 483 2088 veritum
496 2049 553 2087 non
567 2049 598 2089 es
610 2040 710 2108 portus
722 2031 833 2109 aperire
847 2031 957 2100 fideles,

338 2121 474 2181 Fulmiue
487 2142 627 2201 percum
640 2123 863 2203 confugiumque
876 2125 952 2196 rati3

300 2215 393 2293 Cujus
402 2235 479 2274 eram
493 2236 582 2275 censu
595 2236 652 2274 nou
664 2236 711 2275 me
724 2236 859 2277 sensurus
872 2229 1019 2296 egentem,

339 2307 372 2366 Si
387 2309 481 2368 Caesar
495 2309 602 2388 patrias
615 2309 766 2387 eripuisset
779 2330 855 2390 opes.

183 2447 312 2511 Deinde
331 2447 363 2509 in
385 2468 425 2509 ea
444 2447 579 2529 epistola
599 2469 690 2518 uxor,
706 2447 796 2512 liberi
817 2458 852 2512 et
870 2450 971 2514 frater
984 2453 1070 2536 ejus,
1087 2455 1129 2517 ad
1141 2476 1226 2537 quem

180 2547 298 2628 scripta
314 2555 375 2617 est,
392 2557 690 2621 commemorantur,
704 2570 839 2633 quoram
856 2551 1047 2629 Suetonius,
1059 2556 1227 2639 caeteroqui

181 2667 243 2709 non
268 2647 449 2720 omissuros,
477 2648 594 2711 nullam
619 2651 812 2714 mentionem
834 2652 941 2716 habet.
988 2653 1105 2719 Unum
1129 2665 1227 2718 auteur

182 2756 215 2809 et
237 2747 385 2810 eumdem
405 2771 475 2811 esse
493 2750 722 2827 animadverto,
739 2755 779 2816 ad
796 2776 891 2837 quem
908 2755 1051 2820 Ovidius
1066 2759 1164 2820 tacito
1178 2780 1225 2819 no

182 2848 265 2911 mine
281 2847 389 2911 literas
406 2849 521 2913 iterum
534 2862 632 2935 atque
644 2853 759 2917 iterum
776 2856 875 2918 dedit.
907 2854 1057 2938 ipsemet
1071 2861 1156 2923 enim
1173 2872 1225 2921 tes

180 2950 221 3013 tis
238 2958 298 3022 est,
316 2952 356 3013 de
373 2951 489 3025 Ponto,
505 2952 558 3015 lib.
575 2954 619 3016 iii.
634 2953 727 3038 Eleg.
742 2956 773 3018 6.
790 2956 844 3018 ubi
856 2957 1050 3023 familiarem
1063 2962 1224 3044 quemdum

181 3049 229 3112 his
243 3051 346 3113 verbis
363 3052 563 3134 adloquitur:

301 3201 368 3278 Ipse
382 3221 444 3279 ego,
455 3203 531 3279 quod
545 3205 636 3280 primo
650 3206 748 3283 scripsi
762 3208 824 3266 sine
838 3211 952 3269 nomine
966 3213 1060 3282 vobis,

338 3295 398 3352 Vix
413 3299 541 3355 excusari
555 3319 636 3375 posse
650 3300 720 3357 mihi
735 3301 839 3360 videor.

181 3447 256 3512 Una
282 3460 386 3515 tamen
411 3464 462 3516 est
484 3478 557 3538 quae
579 3459 619 3520 ad
636 3459 803 3542 Hyginum
825 3462 945 3545 scripta
959 3464 1105 3540 videtur,
1122 3487 1221 3549 nempe

181 3552 285 3625 tertia,
308 3556 349 3617 de
374 3555 488 3630 Ponto,
517 3557 570 3621 lib.
595 3559 636 3621 iv.
662 3561 799 3624 amicum
823 3565 907 3626 enim
933 3569 1112 3647 quemdam
1137 3579 1220 3637 mat,

180 3658 214 3712 et
238 3673 311 3715 eum
337 3665 412 3718 nota
433 3659 570 3722 levitatis
591 3663 698 3732 inurit,
716 3665 813 3746 quod,
832 3686 930 3746 quum
955 3687 974 3728 a
1000 3672 1125 3733 teneris
1147 3669 1220 3732 aunis

180 3771 288 3814 secum
319 3757 494 3822 arctissimo
525 3764 770 3828 necessitudinis
803 3767 930 3829 vinculo
956 3769 1095 3852 junctus
1128 3772 1218 3839 fuerit

179 3852 307 3916 tandem
336 3857 366 3916 iu
392 3860 677 3926 adversa‘fortuua
703 3887 764 3929 nou
789 3868 882 3932 modo
907 3891 982 3933 eum
1012 3873 1153 3946 deserat,
1175 3870 1218 3935 sed

180 3955 353 4036 nequidem
375 3963 563 4043 cognovisse
584 3967 723 4031 simulet.
769 3969 849 4053 Ejus
868 3982 918 4033 est
933 3973 1074 4049 initium,
1095 3977 1218 4061 conque-

179 4078 249 4132 rar,
270 4080 312 4122 an
336 4065 477 4125 taceam?
510 4066 586 4142 Qua
608 4071 737 4151 quidem
762 4073 896 4155 epistola
920 4076 1018 4141 facile
1044 4078 1217 4143 crediderim
