2806 5018
174 358 240 425 286
469 356 507 420 P.
531 356 693 423 OVIDll
718 354 929 422 NASONIS

174 531 336 602 Voverat
353 529 425 602 hoc
437 529 587 624 juvenis
600 539 704 614 tunc,
715 531 834 626 quum
851 527 915 626 pia
929 526 1087 603 sustulit
1099 549 1211 599 arma:

223 644 257 715 A
275 643 388 717 tantis
407 643 583 742 princeps
601 645 838 744 incipiendus
855 654 951 719 erat.
1150 645 1213 714 570

173 758 243 832 Ille
262 781 394 832 manus
412 758 583 845 tendens,
603 759 691 832 hinc
709 762 822 854 stanti
841 760 960 834 milite
974 761 1096 856 justo.

225 872 323 947 Hinc
342 874 560 968 conjuratis,
579 875 669 948 talia
686 876 788 950 dicta
804 874 931 949 dedit:

176 988 218 1062 Si
236 988 326 1061 mihi
345 988 509 1063 bellandi
528 1000 634 1086 pater
652 1002 722 1076 est,
742 990 946 1087 Vestaque
964 987 1147 1062 sacerdos

223 1104 376 1189 Auctor,
395 1115 434 1177 et
452 1104 583 1178 ulcisci
602 1129 743 1180 numen
760 1116 962 1201 utrumque
981 1127 1099 1201 paro:

174 1218 292 1305 Mars,
311 1218 423 1306 ades;
454 1230 495 1295 et
511 1219 607 1292 satia
624 1220 808 1293 scelerato
827 1219 1010 1314 sanguine
1029 1217 1185 1302 ierrurm

224 1336 385 1432 Stetque
403 1335 505 1409 favor
521 1359 637 1408 causa
654 1360 723 1434 pro
740 1336 893 1410 meliore
911 1346 1014 1408 tuus.
1150 1335 1210 1407 576

173 1451 332 1550 Templa
349 1451 468 1539 feres;
498 1461 549 1535 et,
569 1475 629 1524 me
647 1452 801 1538 victore,
819 1451 1013 1527 vocaberis
1035 1449 1161 1527 Ultor.

152 1599 153 1602 ¹
223 1566 405 1653 Voverat;
434 1577 475 1639 et
491 1565 573 1639 suso
591 1567 699 1641 laetus
718 1569 765 1642 ab
783 1568 893 1641 hoste
910 1566 1031 1640 redit:

174 1681 210 1757 N
214 1705 258 1758 ec
276 1681 368 1754 satis
386 1692 447 1753 est
462 1681 643 1755 meruisse
661 1682 778 1756 semel
795 1682 1025 1778 cognomina
1042 1679 1177 1755 Marti:

224 1795 473 1893 Persequitur
492 1796 621 1869 Parthi
640 1798 747 1894 signa
763 1808 913 1872 retenta
928 1821 1059 1870 manu.
1149 1798 1211 1868 580

176 1911 281 1985 Gens
299 1911 369 1984 fuit
387 1924 424 1985 et
442 1913 599 2010 campiS,
619 1925 658 1986 et
675 1915 796 2011 equis,
816 1925 855 1986 et
872 1924 954 1986 tuta
971 1911 1135 2008 sagittis,

224 2025 275 2099 Et
292 2026 526 2101 circumfusis
544 2028 643 2099 invia
660 2027 887 2100 fluminibus.

173 2274 286 2324 “AEslom
302 2273 376 2322 Marti
389 2273 453 2322 bello
466 2272 615 2339 Philippensi
631 2288 673 2339 pro
721 2272 950 2339 facerepotuisset.”
984 2271 1049 2320 Vide
1060 2270 1172 2325 Dionem,
1180 2270 1215 2318 tis.

173 2347 263 2398 ultione
289 2353 389 2411 paterna
415 2356 525 2410 suscepto
552 2346 672 2396 voverst'’
722 2350 746 2396 8.
756 2347 914 2412 quiethujus
927 2346 1011 2411 tempii
1019 2343 1215 2395 sminitrNss'ss

175 2422 285 2480 Princeps
301 2421 444 2480 incipiendus
460 2429 520 2473 erut,
535 2419 673 2483 principalis
718 2419 810 2485 Ἀμυς
830 2422 942 2484 Τψυροῦ
961 2420 990 2469 ἐν
1012 2420 1052 2483 τῷ
1071 2416 1216 2479 Kamous

174 2492 278 2557 dignitas
292 2507 308 2540 a
325 2491 398 2539 tanda
413 2492 483 2540 rebus
499 2491 614 2556 proficisci
630 2492 673 2540 de·
722 2496 786 2545 sard
800 2497 830 2545 τὸ
844 2497 889 2545 roi
901 2495 958 2552 Διὸς
972 2493 1102 2558 φφπρίον
1112 2491 1215 2555 meurs.

173 2567 257 2616 bebat-
723 2571 787 2633 πρὸς
802 2571 852 2629 τὴν
862 2572 914 2618 τῶν
930 2568 1040 2632 σημείων
1054 2564 1217 2616 instaurant

206 2642 265 2691 571.
282 2640 337 2705 lpse
349 2654 437 2688 vorens
448 2638 575 2688 inducitur.
608 2639 673 2688 Hinc
721 2642 876 2707 ψηφισθῆναι
896 2641 1013 2697 uuum,
1033 2642 1078 2689 sni
1102 2640 1219 2699 inim

175 2719 255 2769 susti.
266 2723 313 2762 etc.
353 2714 392 2761 De
408 2713 474 2762 Julio
488 2714 590 2770 Cessare.
605 2715 673 2763 Vsssae
722 2717 768 2765 iiis
787 2717 863 2765 verbis
877 2726 951 2778 sique
969 2716 1036 2763 saris
1050 2715 1137 2772 forms,
1153 2727 1217 2777 qssn

175 2792 296 2843 raosidus.
308 2787 430 2837 interfecto
440 2787 494 2835 vide
503 2787 536 2834 iii.
547 2788 604 2836 699.
621 2787 674 2835 Nu·
723 2790 808 2838 Martis
827 2789 916 2837 Ultoris
937 2788 1054 2852 templum
1077 2788 1104 2836 'sn
1125 2785 1220 2836 numnis

100 2917 102 2921 y
175 2880 226 2912 msa
252 2873 384 2926 atrumque,
413 2860 487 2925 patris
505 2869 530 2908 et
557 2861 674 2926 pontificis
722 2864 804 2919 hahet,
821 2862 889 2926 (ride
908 2862 988 2910 Patin.
1002 2861 1034 2910 ad
1052 2859 1219 2910 Suetoniidie·

175 2935 280 2985 maximi.
723 2947 772 2985 tum
788 2937 881 2993 locum)
899 2936 956 2984 moti
974 2936 1084 2984 nonnulli
1101 2942 1218 3000 putsruut.

204 3013 263 3060 579.
281 3011 352 3059 Anno
368 3010 398 3057 U.
410 3010 441 3059 C.
457 3010 513 3057 699.
527 3010 563 3056 Μ.
575 3011 675 3058 Crassus
723 3010 770 3058 duo
787 3011 877 3074 templs
893 3009 1030 3071 Augustum
1047 3009 1105 3058 huic
1121 3008 1167 3056 deo
1183 3023 1220 3071 ps·

175 3100 189 3132 a
200 3084 294 3133 Parthis
304 3091 355 3131 erat
365 3082 466 3136 occisus,
480 3081 559 3131 Orode
573 3096 673 3145 regnan·
723 3083 808 3140 ruisse,
821 3084 921 3132 alterum
933 3082 1011 3130 Ultori
1024 3082 1120 3131 inForo
1128 3098 1178 3136 suo,
1188 3080 1221 3128 si·

174 3168 207 3215 te.
222 3157 386 3220 exercitusque
403 3156 455 3219 ejus
470 3154 555 3220 partim
573 3155 673 3210 deletur,
723 3167 808 3212 terum,
831 3156 932 3221 receptis
957 3156 1042 3219 signis,
1068 3155 1094 3204 in
1115 3154 1222 3220 capitolio

175 3233 365 3297 partimcaptus.
402 3231 486 3276 Postea
497 3228 615 3276 Antonius
625 3228 674 3275 cla·
725 3232 797 3279 Marti
809 3229 929 3279 Bisuitori.
947 3229 993 3276 Sed
1004 3246 1048 3278 nec
1060 3230 1222 3284 oudinum

175 3305 230 3353 dem
240 3306 270 3353 ab
281 3302 366 3350 iisdem
377 3301 484 3350 hostibus
495 3302 595 3364 accepit.
627 3299 675 3348 Sed
725 3303 786 3352 aliur
799 3303 896 3367 scriptor
910 3303 972 3350 hane
990 3302 1128 3366 opinionem
1143 3301 1221 3350 eonfi-

176 3392 238 3425 anno
257 3377 289 3425 U.
303 3375 333 3424 C.
348 3374 404 3422 734.
421 3389 494 3436 quum
512 3373 635 3435 Augustus
651 3373 675 3420 in
725 3386 782 3424 mat.
804 3378 889 3439 Itaque
901 3377 1007 3424 nimos.
1019 3376 1222 3424 stReimur.ms·

176 3450 235 3498 Asia
256 3456 395 3502 versaretur.
415 3446 537 3501 Phraates,
559 3462 599 3494 rex
619 3447 673 3494 Par·
727 3457 791 3505 nent,
803 3448 867 3513 apud
880 3448 982 3495 Dionem
994 3449 1068 3497 verbs
1083 3449 1112 3497 ἐν
1128 3450 1164 3512 τᾷ
1175 3453 1221 3497 Ks-

176 3523 278 3578 thorum,
293 3530 317 3569 ct
332 3529 450 3576 metucns,
470 3536 499 3567 ne
517 3518 581 3567 bello
600 3519 630 3566 ab
649 3534 677 3566 eo
727 3524 835 3586 πιτωλίῳ
843 3521 874 3569 ad
881 3520 984 3585 ζήλωμα
994 3521 1123 3585 pertinere,
1130 3532 1222 3570 sutcsr·

176 3605 303 3661 peteretur,
314 3603 338 3642 et
354 3594 403 3641 suia
416 3593 533 3649 diffidens,
544 3594 611 3657 signa
626 3593 675 3640 lto·
726 3607 849 3661 ruptaessr
856 3613 864 3655 3
875 3610 984 3643 nummos
990 3603 1072 3643 sutem
1082 3596 1222 3645 nondirersa

176 3669 252 3717 manis
262 3668 319 3715 olim
330 3665 474 3730 ademptast
485 3676 568 3731 sponte
578 3665 676 3714 remisit.
725 3669 822 3733 templa,
833 3668 875 3717 sed
886 3667 964 3715 varias
975 3668 1087 3731 ejusdem
1101 3667 1182 3733 tempii
1192 3668 1223 3716 is·

177 3741 423 3803 Deearetamquam
434 3739 464 3787 de
473 3738 675 3803 victoriainsigni‚
724 3741 773 3791 cies
790 3741 911 3790 exhibere.
941 3744 996 3800 Quo
1009 3742 1065 3805 jure
1086 3752 1157 3807 poeta
1175 3741 1222 3788 has

177 3815 263 3861 mirum
277 3814 301 3860 in
316 3811 412 3860 modurn
427 3812 522 3860 leatus
533 3823 570 3860 est
580 3812 675 3874 Augus·
726 3815 839 3864 Parthica
846 3814 1222 3869 addideritdisiadrersumii&

178 3896 224 3944 tus,
238 3885 263 3934 in
279 3885 358 3950 gaudii
374 3886 512 3934 societatem
526 3885 676 3933 venientibus
757 3891 814 3937 581.
834 3888 1001 3952 Ampliflcstur
1022 3889 1126 3952 Augusti
1147 3888 1222 3937 bonor.

178 3961 302 4018 Romanis,
313 3962 353 4026 qui
367 3976 420 4009 earn
435 3970 460 4009 et
475 3959 577 4007 nummis
589 3968 613 4006 et
623 3974 674 4006 car·
725 3965 780 4020 Quo
800 3961 917 4010 difficilior
938 3962 1004 4010 aditu
1027 3963 1072 4011 ills
1094 3978 1160 4026 gens,
1178 3974 1221 4023 qm

178 4035 281 4084 minibus
294 4036 460 4094 celebrarunt;
476 4036 491 4084 J
494 4033 566 4081 ustin.
583 4032 632 4079 xlii.
643 4035 673 4081 5:
726 4036 823 4084 t'erocior
837 4038 907 4084 rebus
921 4037 971 4084 suis
982 4035 1105 4090 secundis.
1114 4051 1162 4099 quo
1174 4032 1221 4080 uis·

176 4110 260 4160 “Plus
280 4111 363 4159 Cesar
390 4106 553 4171 magnitudine
576 4107 676 4156 nominis
726 4109 769 4158 tior
781 4108 909 4174 ignominia
919 4108 1036 4157 Romanis
1046 4107 1104 4158 inde
1114 4108 1218 4161 iliatam

177 4184 212 4233 sui
224 4183 289 4240 fecis,
301 4199 372 4247 quarn
389 4181 459 4231 armis
474 4182 535 4229 alius
550 4181 675 4245 imperator
726 4184 798 4247 major
816 4183 918 4246 Augusti
935 4182 1010 4245 gioria
1027 4181 1130 4246 receptis
1145 4178 1217 4242 signis
