2806 5018
356 371 616 437 PASTORUM
639 372 730 438 ΠΒ.
747 371 796 438 ΙΙ.

52 548 174 621 Onrn
194 546 276 618 dies
293 545 426 618 luerit:
454 555 495 617 tu
514 545 645 619 desine
663 528 815 620 credere
833 545 953 619 ventis
968 573 978 636 ;

105 662 278 737 Perdidit
295 661 395 734 illius
414 663 593 760 temporis
612 686 702 734 aura
718 661 844 734 fidem.

53 779 226 852 Flamina
243 801 318 849 non
333 787 529 850 constant:
559 787 598 851 et
612 802 681 851 sex
694 788 859 850 reserata
872 777 1007 852 diebus
1024 783 1098 854 455

107 893 279 968 Carceris
297 892 410 965 AEolii
423 895 541 989 janua
557 893 645 966 laxa
662 904 781 990 patet.

54 1008 78 1081 J
83 1034 146 1081 An
165 1008 257 1081 levis
274 1007 432 1104 obliqua
449 1006 612 1080 subsidit
629 1008 817 1104 Aquarius
836 1033 952 1098 urna;

109 1122 311 1195 Proximus
330 1122 503 1195 aetherios
523 1124 671 1221 excipe,
691 1123 826 1210 Piscis,
847 1149 979 1222 equos.

54 1239 112 1312 Te
122 1249 342 1322 memorant,
351 1238 578 1337 fratremque
589 1251 709 1325 tuum,
719 1264 804 1313 narn
811 1243 945 1337 juncta
954 1241 1100 1316 micatis

108 1353 237 1449 Signa,
256 1353 350 1426 duos
368 1364 474 1448 tergo
492 1355 718 1428 sustinuisse
738 1356 854 1429 Deos.
1028 1362 1103 1430 460

55 1469 277 1542 Terribilem
295 1469 485 1566 quondam
501 1469 650 1565 fugiens
668 1470 852 1570 Typhona
870 1472 1006 1560 Dione,
1092 1534 1095 1540 .

108 1584 215 1657 Tunc
234 1608 351 1682 quum
370 1586 549 1683 procoelo
563 1584 712 1684 Jupiter
730 1611 832 1660 arma
849 1587 946 1675 tulit,

56 1698 172 1774 Venit
189 1701 238 1775 ad
257 1700 489 1799 Euphratem
506 1703 686 1776 comitata
705 1704 895 1802 Cupidine
912 1729 1039 1804 parvo,

109 1815 231 1914 Inque
250 1816 464 1891 Palaestinae
482 1821 649 1916 margine
668 1821 766 1894 sedit
783 1844 904 1918 aquae.

58 1931 229 2029 Populus
247 1944 287 2006 et
304 1950 434 2007 canuae'
452 1934 615 2032 riparum
634 1959 780 2009 summa
796 1936 990 2024 tenebant,
1030 1942 1103 2012 465

112 2047 308 2145 Spemque
320 2050 462 2124 dabant
476 2052 622 2138 saliceS,
637 2053 705 2125 hos
719 2075 872 2148 quoque
886 2076 998 2149 posse
1011 2054 1101 2147 tegi.

92 2288 149 2337 453.
169 2290 291 2337 Ventorum
300 2293 453 2339 irrconstaatia
461 2291 517 2340 inde
528 2293 559 2341 ab
608 2291 647 2339 De
666 2289 799 2339 nominibus
819 2306 899 2339 eorum
921 2289 976 2340 vide
995 2289 1030 2339 iii.
1050 2292 1106 2342 402.

57 2361 142 2410 eodem
153 2361 201 2418 die,
215 2378 264 2426 quo
274 2364 424 2428 Lupercalia.
457 2364 558 2422 Plinius,
609 2365 724 2413 Fabulam
739 2380 789 2428 seq.
800 2363 890 2428 Hygiu.
901 2363 1012 2412 P.A.ii.
1025 2365 1065 2413 ³0.
1075 2380 1105 2413 er

61 2437 93 2484 H.
103 2436 137 2484 N.
148 2436 214 2485 xviii.
225 2438 271 2486 65:
289 2438 339 2487 xiv.
352 2438 407 2488 Kal.
419 2439 503 2488 Martii
515 2445 558 2489 tri-
609 2438 742 2503 Diogeneta
763 2437 886 2502 Erythraeo
907 2437 1013 2486 similiter
1029 2437 1108 2486 refert.

59 2513 132 2557 dnum
140 2513 211 2566 varie,
219 2510 341 2560 scihvaria
349 2520 484 2577 tempestas.
495 2513 559 2562 Libri
610 2512 689 2560 Aliter
700 2520 777 2559 narrat
785 2510 864 2559 Schol.
872 2510 1009 2559 Germanic.
1017 2527 1041 2575 p.
1052 2512 1107 2560 112.

60 2592 107 2631 tres
120 2587 473 2649 veteresprouianfidem‚quod
485 2587 559 2636 Hein-
643 2587 698 2633 461.
717 2586 755 2633 De
768 2584 874 2648 Typhone
884 2582 937 2632 scil.
965 2584 1107 2649 Typhrsogi·

59 2658 94 2705 sio
104 2673 154 2705 non
165 2657 243 2706 minus
252 2659 348 2723 elegans
358 2659 489 2709 ridebatur.
508 2663 560 2725 Ego
609 2666 680 2721 gente
698 2658 747 2706 vid.
763 2659 867 2705 Metam.
884 2656 919 2705 iii.
936 2658 1000 2717 ³03;
1017 2674 1042 2705 v.
1058 2658 1105 2706 321

60 2730 159 2795 praelero
177 2730 284 2781 altemm.
319 2733 418 2782 Prodere
429 2735 502 2796 fidem
515 2744 560 2792 est,
609 2747 663 2796 sqq.
680 2731 721 2781 ubi
738 2731 836 2780 emissus
855 2731 902 2778 ima
920 2731 950 2779 de
967 2731 1023 2780 sede
1040 2739 1107 2780 terrra

60 2818 107 2850 nou
117 2817 212 2852 servare
224 2804 294 2852 fidem
305 2805 395 2854 (latam.
422 2806 470 2863 th
481 2806 505 2855 id
516 2823 560 2855 se·
610 2815 710 2853 cunctos
731 2806 796 2854 Deos
818 2805 842 2852 in
870 2805 949 2868 lugam
974 2804 1053 2862 vertit,
1075 2814 1108 2863 et,

60 2877 114 2941 pius
125 2875 393 2941 sacit.isperditfidem,
405 2880 561 2945 uouemplius
610 2893 683 2941 quum
698 2877 722 2925 in
737 2880 870 2943 AEgyptum
886 2892 959 2941 usque
975 2891 1015 2926 eos
1028 2892 1108 2942 perse·

60 2950 82 2998 ei
101 2952 221 3007 creditum
239 2968 292 3014 quie
310 2953 374 3002 notio
392 2954 419 3001 h.
436 2955 454 3002 l.
472 2953 560 3019 optime
610 2958 680 2999 cutus
696 2961 766 3005 esset,
781 2951 868 3006 effecit,
882 2959 909 2996 ut
920 2949 1040 2998 variarum
1056 2951 1107 2999 ani·

59 3025 182 3073 convenit.
218 3025 301 3073 Cancer
314 3028 412 3084 AEolr'us,
430 3037 522 3077 antrum
536 3028 561 3076 in
609 3024 725 3072 mentium
752 3023 839 3088 figuras
870 3030 997 3077 sumerent,
1027 3024 1110 3071 Venus

59 3113 108 3163 qno
123 3098 199 3153 venti,
218 3099 291 3146 AEolo
309 3098 448 3164 imperante,
467 3101 560 3160 inclusi,
609 3097 675 3161 pisce
699 3098 792 3145 lateret.
828 3098 874 3142 Pro
897 3097 959 3142 celo.
993 3094 1110 3157 Gigantes

60 3181 85 3220 et
102 3172 128 3220 iu
143 3171 218 3236 qnod,
231 3179 351 3236 tamqnam
366 3172 391 3221 iu
407 3189 534 3230 carcerem,
546 3190 561 3223 a
610 3171 672 3217 enim
681 3168 930 3218 affectabantcoeleste
941 3182 1047 3228 regnum.
1061 3168 1110 3215 Eu·

58 3246 120 3294 Jove
131 3244 238 3293 damnati
249 3254 311 3294 sunt.
340 3245 449 3302 Ovidius,
461 3249 561 3297 Metam.
609 3246 700 3305 pirates
715 3250 812 3291 vocatur
831 3241 955 3286 Palatino
967 3257 1034 3301 aquo,
1051 3239 1108 3303 quia

59 3320 166 3367 noea:
180 3326 195 3347 ‘¹
204 3319 330 3368 clament
337 3319 485 3384 Hippotades
491 3330 560 3370 reter-
611 3316 703 3382 Syriam
716 3315 794 3369 alluit,
807 3315 875 3378 cujus
886 3328 939 3377 pars
950 3312 1006 3360 olim
1020 3312 1109 3363 Pales-

59 3392 486 3450 nocarcereveutos,”ubivideuot.
612 3392 669 3439 tina.
703 3391 794 3454 Hygin.
812 3389 838 3436 d.
862 3388 879 3436 1.
901 3393 917 3414 ‘¹
931 3387 954 3435 in
967 3387 1059 3452 Syriam
1078 3388 1108 3438 ad

94 3466 233 3514 457-474,
252 3469 348 3529 Aquarii
365 3483 454 3514 occutus
467 3479 490 3514 et
506 3467 563 3515 Solis
613 3466 699 3513 flumen
728 3463 872 3529 Euphratem
900 3460 989 3509 veuit.”
1022 3461 1110 3511 Ovidis

59 3543 222 3605 ingressuris
250 3541 353 3588 Piscium
373 3545 471 3605 signum,
497 3546 563 3603 cnjus
613 3539 714 3585 Metam.
724 3538 755 3584 iv.
766 3538 806 3584 46.
820 3536 938 3584 Palaestini
949 3545 1005 3583 sunt
1015 3535 1075 3599 Syri.

59 3618 122 3679 rigni
150 3618 213 3679 origo
240 3624 360 3663 sanatur.
403 3614 478 3671 Levis,
507 3615 564 3679 quia
646 3612 701 3659 466.
719 3611 766 3657 Hos
776 3609 882 3672 quoque]
905 3609 1109 3674 Haecverbuplu-

60 3688 178 3751 aquarius
185 3687 289 3752 juvenis,
299 3688 316 3735 i.
325 3689 381 3737 652.
398 3689 563 3737 Urnamtenet
613 3701 650 3733 res
664 3686 724 3732 Intt.
739 3683 904 3743 offenderunt3
922 3690 947 3729 et
960 3697 1044 3747 parum
1058 3683 1111 3749 pla·

58 3763 184 3823 ohliqrtoer,
197 3771 222 3809 ut
233 3776 296 3825 equa
306 3759 362 3810 iude
373 3762 467 3809 effluere
479 3761 562 3827 possit.
613 3767 677 3806 cent.
709 3757 792 3806 Heins.
802 3758 864 3822 conj.
874 3759 908 3804 his
917 3773 1002 3820 quoque
1016 3757 1054 3804 vel
1065 3759 1110 3814 lic,

60 3834 146 3882 Pisces
162 3834 209 3882 duo
218 3838 359 3898 junguntur
378 3834 439 3882 uodo
456 3834 504 3892 illo,
521 3835 563 3900 qui
614 3833 670 3895 quia
687 3831 711 3878 in
732 3846 779 3879 uno
799 3829 879 3879 Vatic.
899 3831 946 3885 hoe,
967 3830 992 3877 in
1011 3836 1111 3893 quatuor

57 3905 201 3970 σύνδεσμος
219 3912 271 3957 τῶν
292 3907 387 3972 ἰχθύων
402 3918 508 3965 vocatur,
529 3917 562 3966 et,
613 3905 665 3952 aliis
675 3921 706 3953 se.
740 3905 822 3952 Burm.
837 3902 905 3950 malit
919 3905 953 3951 his
963 3902 1001 3950 vel
1018 3909 1049 3952 sic
1062 3903 1079 3952 i.
1088 3919 1111 3952 e.

57 3981 120 4046 quia
131 3981 203 4028 totius
215 3980 313 4046 sphaerae
325 3998 376 4030 esse
388 3981 520 4038 videbatur,
532 3983 562 4030 ab
613 3979 731 4026 Venerem
752 3976 812 4024 iuter
827 3976 920 4032 salices,
934 3976 992 4024 licet
1008 3974 1111 4024 humiles

56 4056 138 4103 Arato
154 4052 291 4120 σύνδεσμος
307 4053 467 4120 ὑπουράνως,
482 4072 496 4104 a
510 4055 563 4105 cte.
613 4059 699 4107 essent,
721 4057 745 4099 et
765 4065 857 4098 summa
885 4057 978 4097 tautum
1004 4056 1111 4097 tenerent

56 4131 136 4177 ‚rodus
150 4130 252 4177 causis.
290 4128 382 4193 Hygia.
394 4129 422 4177 P.
434 4129 466 4177 A.
477 4128 512 4178 iii.
523 4130 564 4179 29.
615 4126 724 4191 riparum,
742 4133 821 4173 tamen
842 4139 910 4188 posse
928 4123 1009 4171 latere.
1042 4122 1110 4171 Idem
