2806 5018
308 353 375 419 29⁰
601 353 641 418 P.
665 352 826 418 OVIDlI
851 354 1064 420 NASONIS

311 526 443 600 Donec
463 527 499 598 in
518 527 599 598 haec
618 526 721 600 venit
737 525 957 626 Tirynthius
976 551 1076 613 arva,
1096 530 1303 626 quotannis

361 640 499 715 Tristia
517 640 707 715 Leucadio
725 666 833 716 sacra
849 655 1005 741 peracta
1021 643 1152 717 inodo.
1292 649 1353 719 636

312 755 425 829 Illum
443 757 665 831 stramineos
684 758 722 830 in
740 782 878 855 aquam
897 759 1045 832 misisse
1062 758 1258 843 Quirites:

364 871 540 947 Herculis
560 873 735 971 exemplo
752 897 909 971 corpora
926 874 1020 948 falsa
1033 875 1123 970 jaci.

314 988 409 1062 Pars
427 1000 548 1088 putat,
568 1002 611 1063 ut
628 991 768 1064 ferrent
780 993 940 1088 juvenes
959 991 1139 1087 suffragia
1156 992 1242 1077 soli,

364 1103 550 1178 Pontibus
568 1106 735 1178 infirmos
754 1107 1010 1203 praecipitasse
1029 1131 1157 1180 senec.

314 1219 432 1306 Tibri,
451 1221 545 1295 doce
564 1245 713 1307 verum;
741 1231 807 1295 tua
824 1222 905 1319 ripa
921 1223 1103 1295 vetustior
1120 1223 1244 1297 urbe:
1293 1226 1349 1295 635

364 1335 596 1435 Principium
615 1338 708 1410 ritus
725 1348 766 1409 tu
784 1338 883 1410 bene
901 1362 1012 1411 nosse
1030 1349 1155 1435 potes
1391 1344 1393 1351 '

314 1451 436 1524 Tibris
455 1452 708 1525 arundiferum
727 1453 850 1524 medio
869 1464 984 1549 caput
1001 1454 1139 1527 extulit
1156 1455 1289 1542 alveo;
1391 1532 1393 1539 ,

367 1567 576 1666 Raucaque
593 1567 750 1641 dimovit
766 1569 904 1642 talibus
922 1592 987 1641 ora
1004 1569 1127 1643 sonis:

316 1680 409 1755 Haec
427 1684 509 1757 loca
527 1685 696 1757 desertas
715 1685 789 1757 vidi
808 1686 888 1758 sine
906 1687 1092 1759 moenibus
1111 1687 1274 1760 herbas:

365 1797 553 1873 Pascebat
571 1823 721 1898 sparsos
741 1811 899 1898 utraque
918 1801 999 1898 ripa
1015 1803 1146 1874 boves,
1291 1803 1350 1873 640

347 2125 404 2173 629.
431 2125 529 2180 Omnes,
545 2138 605 2187 quos
621 2138 692 2186 supra
709 2121 814 2178 laudavi,
863 2123 914 2171 Sat.
933 2121 976 2170 lib.
993 2121 1010 2169 i.
1026 2136 1081 2186 cap.
1099 2122 1132 2180 r;
1149 2122 1180 2171 de
1199 2121 1307 2171 llerculis
1319 2117 1353 2168 ad·

316 2207 423 2246 suctores
435 2198 459 2244 in
474 2213 502 2245 eo
518 2197 675 2252 consentiunt,
686 2195 814 2244 Herculem
864 2203 937 2243 ventu
947 2194 972 2242 in
983 2193 1086 2243 Italiam.

315 2287 345 2320 ex
361 2271 476 2336 Hispania
491 2271 627 2319 redeuntem
645 2271 769 2333 abrogasse
785 2268 813 2317 il·
897 2269 954 2317 633.
970 2269 1030 2316 Hae
1047 2268 1128 2332 opinio
1143 2277 1196 2317 orta
1215 2279 1267 2318 erat
1283 2282 1352 2332 epto

316 2345 365 2393 lum
377 2361 472 2392 morem.
506 2345 594 2392 Leucas
604 2344 634 2391 ad
646 2344 701 2392 litus
710 2343 815 2391 Acarna·

317 2418 371 2474 nias,
390 2417 446 2465 olim
466 2416 597 2480 peninsula.
619 2425 701 2481 postea
722 2416 815 2475 insula;

316 2490 420 2539 Metam.
433 2507 472 2537 xv.
482 2491 548 2547 289;
567 2490 667 2546 Plinius,
682 2490 707 2538 ii.
719 2493 758 2539 90.
770 2491 816 2539 ibi-

318 2578 364 2628 que
374 2563 518 2612 Harduinus.
540 2564 567 2610 In
580 2580 609 2611 ea
618 2564 696 2611 insula
706 2565 816 2629 scopulus

317 2645 376 2692 erat,
388 2635 459 2691 unde,
470 2635 500 2683 ad
517 2636 651 2700 exemplum
663 2637 763 2701 Saphus.
774 2637 815 2685 de·

317 2710 380 2759 silire
399 2710 514 2767 solebant,
531 2710 571 2774 qui
589 2726 689 2759 amorem
706 2712 784 2758 excuti
802 2728 815 2759 e

317 2792 412 2850 pectore
438 2800 481 2832 suo
502 2784 601 2848 aliisque
622 2784 686 2848 injici
710 2784 815 2845 vellent;

319 2857 417 2906 Heroid.
429 2875 470 2905 xv.
485 2860 530 2906 163
541 2875 601 2922 sqq;
618 2857 756 2912 Atheniens,
769 2857 815 2906 xiv.

317 2934 349 2991 33
369 2932 463 2981 Servius
484 2933 514 2980 ad
533 2933 599 2996 Virg.
618 2933 701 2995 Eclog.
719 2932 751 2980 is.
769 2934 815 2991 57;

318 3006 416 3055 Vossius
431 3007 461 3054 ad
473 3007 603 3055 Catullum.
637 3006 696 3054 Inde
711 3006 749 3053 hic
763 3022 814 3053 aco-

317 3081 389 3146 pulus
400 3081 529 3130 amantium
541 3081 619 3129 dictus
631 3090 675 3129 est.
703 3081 748 3128 Sed
760 3080 815 3127 inde

318 3162 342 3203 et
352 3155 375 3202 in
386 3155 459 3202 sacris
469 3153 587 3218 Apollinis
598 3155 698 3203 malefici
710 3154 815 3218 quidam,

318 3229 404 3293 quibus
414 3229 458 3277 alre
475 3229 571 3292 illigata
582 3237 657 3284 erant,
669 3228 813 3292 dejicieban-

317 3311 363 3358 tur,
380 3301 413 3348 ita
434 3302 538 3365 quidem,
557 3312 582 3349 ut
603 3303 767 3366 exciperentur
785 3301 815 3348 ab

317 3374 451 3424 hominibus
465 3375 490 3423 in
503 3374 594 3438 cymbis
604 3374 736 3438 dispositis;
753 3377 816 3422 Stra·

318 3449 356 3504 bo,
369 3466 392 3496 x.
401 3466 425 3514 p.
435 3451 491 3497 ⁴52.
526 3450 627 3502 Quirites
637 3448 747 3497 Herculis
757 3457 816 3496 tem-

318 3538 374 3586 pore
382 3523 484 3571 nondum
494 3531 568 3571 aaut.
582 3523 661 3572 Suasit
669 3533 747 3572 autem
755 3523 815 3570 Her-

319 3595 385 3644 cules
402 3596 536 3644 bominibus
556 3595 624 3645 istius
642 3608 723 3645 terre:
753 3597 816 3645 “Ut

864 2343 944 2391 verbio
976 2343 1038 2390 male
1069 2342 1204 2392 intellecto.
1257 2343 1353 2392 Nonius:

864 2423 881 2444 ‘⁴
892 2419 972 2475 Quum
983 2416 1007 2463 in
1018 2415 1128 2480 quintum
1140 2418 1246 2481 gradum
1255 2431 1355 2482 perreue-

865 2499 927 2546 rant,
936 2500 1008 2555 atque
1020 2491 1140 2539 hebebant
1150 2493 1277 2556 sexaginta
1286 2506 1356 2543 annet.

866 2574 915 2613 tum
928 2565 1031 2629 denique
1041 2574 1108 2613 erant
1120 2581 1134 2613 a
1148 2566 1254 2631 publicis
1269 2564 1357 2630 negotiis

866 2639 933 2687 liberi
946 2649 1018 2703 atque
1029 2637 1135 2703 expediti
1146 2648 1171 2688 et
1180 2639 1265 2688 otiosi:
1282 2639 1357 2688 ideoin

866 2712 1013 2776 proverbium
1036 2712 1134 2775 quidam
1157 2722 1247 2777 putant
1266 2712 1356 2763 venisse

866 2785 1032 2848 sexagenarios
1042 2786 1071 2832 de
1083 2795 1154 2848 ponte
1165 2785 1239 2850 dejici
1252 2796 1356 2851 oportere.

866 2859 890 2906 id
909 2869 953 2913 est,
972 2860 1035 2922 quod
1056 2859 1195 2923 suffragium
1219 2876 1268 2908 noe
1286 2862 1359 2912 lerunt.

866 2934 929 2996 quod
941 2951 982 2998 per
997 2944 1092 2998 pontem
1108 2934 1245 2983 terebant.”
1278 2933 1359 2981 Similis

866 3006 938 3054 habet
957 3009 1048 3054 Festus.
1082 3007 1151 3055 Alias
1171 3022 1258 3056 causas
1275 3008 1358 3055 Plutar-

866 3079 924 3127 chus
942 3078 1005 3127 dicto
1024 3080 1076 3127 loco
1093 3079 1179 3135 adfert,
1192 3091 1236 3130 aut
1249 3082 1359 3132 barbarus.

866 3152 906 3215 qui
918 3152 1088 3216 antiquissimis
1101 3153 1250 3217 temporibus
1265 3154 1360 3202 illalcct

865 3227 1001 3283 incolerent,
1013 3226 1109 3275 Grecos
1128 3226 1147 3273 si
1164 3243 1227 3291 quos
1241 3228 1359 3293 cepissent,

866 3300 1018 3355 interfecisse,
1046 3311 1086 3348 aut
1113 3301 1192 3365 ipsum
1220 3302 1357 3355 Evandrum,

867 3389 940 3437 quum
959 3373 1041 3438 Argivi
1059 3374 1196 3422 Arcadibus
1214 3374 1359 3425 inimicissimi

866 3456 953 3503 essent,
966 3446 1034 3495 istam
1045 3447 1093 3495 odii
1103 3450 1244 3497 memoriam
1254 3466 1330 3499 secum
1339 3451 1359 3495 is

867 3520 961 3568 Italiam
973 3519 1096 3569 adtulisse.

899 3595 957 3642 637.
976 3597 1098 3644 Arcadius
1108 3595 1172 3659 cingi
1185 3597 1296 3647 F'lumina
1304 3597 1357 3647 ult·

319 3667 402 3716 faustis
423 3670 543 3718 sacrificiis
563 3671 666 3719 inlausta
686 3680 814 3726 mutarent,
865 3669 939 3727 bant3
956 3669 1016 3717 Met.
1033 3670 1066 3717 ix.
1082 3672 1106 3718 3.
1121 3670 1260 3720 Achelous:
1278 3680 1293 3700 ‘⁴
1305 3671 1357 3718 inor·

318 3740 445 3789 inferentes
458 3742 576 3797 Diti,uon
593 3744 712 3792 hominum
728 3745 815 3809 capita,
866 3752 934 3792 nates
963 3744 1086 3794 redimitus
1113 3746 1232 3796 arundine
1259 3745 1357 3796 crim'’

318 3813 361 3862 sed
372 3814 454 3863 oscilla
468 3817 499 3863 ad
517 3817 643 3865 humanam
654 3818 755 3881 effigiem
766 3827 816 3866 arte
866 3819 944 3879 Sparsi
956 3835 1001 3866 non
1015 3835 1103 3885 paucos
1113 3819 1215 3878 indicat,
1225 3822 1268 3871 sed
1278 3822 1301 3870 in
1312 3835 1355 3885 pst·

318 3887 438 3943 simulata,
449 3898 474 3937 et
488 3905 540 3938 aras
554 3892 684 3947 Saturniae,
695 3907 741 3939 non
753 3908 816 3941 mae·
866 3893 918 3942 cuis
935 3903 1047 3950 errantes,
1058 3911 1105 3944 nen
1121 3897 1239 3961 gregatim
1256 3896 1355 3946 incedere

319 3959 480 4017 sandasirus,
499 3962 541 4011 sed
563 3963 668 4012 accensis
688 3964 817 4014 luminibus
867 3977 909 4015 tes.
943 3968 1016 4022 Quem
1030 3977 1160 4025 suneetc.
1192 3969 1354 4020 Meam:

319 4034 463 4091 esculentas,
486 4037 541 4100 quia
567 4053 613 4085 non
633 4037 708 4086 solum
729 4037 814 4096 virum,
866 4041 984 4106 “Cuique
993 4041 1352 4110 iuitremmpromiasapotectit.

320 4108 362 4157 sed
373 4118 397 4157 et
407 4108 497 4158 lumina
508 4111 593 4174 φῶτα”
601 4111 677 4176 (quod
689 4113 713 4160 in
721 4114 816 4163 oraculo
865 4114 967 4163 Tibris.''
988 4115 1086 4181 Propter
1094 4116 1162 4164 illam
1171 4117 1299 4181 potentiam
1306 4130 1351 4180 gen

319 4183 433 4242 occurrit)
460 4185 637 4249 “significan''
671 4188 815 4245 Macrobius,
866 4197 900 4236 tes
914 4188 1004 4238 Tiberin
1016 4200 1143 4254 noruntque
1152 4193 1307 4254 timebantque.
