2806 5018
180 345 250 410 370
579 343 839 411 EXCURSUS

178 517 277 598 Quod
296 519 380 582 enim
401 527 498 581 antea
518 518 551 582 in
569 539 652 582 anno
669 518 744 583 740.
760 540 824 602 quo
841 518 987 601 Lepidus
1006 526 1157 583 mortuus
1173 526 1230 592 est.

50 661 52 665 -
178 620 350 703 ponebant,
378 640 462 683 anno
490 630 648 704 sequente
679 621 808 684 demum
839 621 960 685 fuctum
988 642 1063 684 esse
1094 621 1230 686 ostendit

181 722 250 786 hec
266 731 358 787 nota:

221 825 305 909 Imp.
327 824 410 891 Ceus.
427 826 594 911 Auyustus
615 825 742 911 Pontis.
759 826 916 891 maximus
938 827 1046 897 sactus
1067 835 1131 900 est,
1152 826 1226 905 Qui·

177 927 258 990 rinio
273 937 307 991 et
322 927 440 1012 Valgio
457 927 532 992 Cos.

221 1030 316 1094 Fau.
341 1030 385 1094 iii.
409 1029 474 1093 812
499 1040 533 1094 et
553 1029 628 1095 838.
655 1032 702 1110 (d.
729 1030 771 1094 19
796 1029 908 1110 Mart.)
935 1030 1058 1095 Ovidio
1086 1030 1138 1095 hic
1163 1030 1228 1095 dies

177 1133 335 1198 Mirwrvae
360 1134 480 1198 notulis
501 1144 647 1209 vocatur;
677 1144 711 1198 et
735 1133 798 1197 kal.
819 1132 960 1197 Vindoh.
982 1133 1083 1211 habet
1103 1133 1149 1197 N.
1166 1133 1225 1197 dli-

176 1257 296 1310 curves,
322 1237 409 1321 quod
437 1246 545 1300 autem
568 1237 626 1299 hoc
650 1237 746 1299 etiam
771 1234 841 1299 loco
864 1235 941 1299 nihil
965 1234 1055 1299 aliud
1079 1233 1225 1319 caprini

177 1339 289 1422 templi
313 1330 548 1403 dedicationem
571 1339 740 1424 designare
763 1339 884 1402 indicat
902 1338 1051 1414 Verrius,
1071 1338 1225 1402 scribens:

177 1443 263 1525 quod
280 1442 439 1506 Minervae
458 1442 537 1506 cedis
557 1442 590 1504 in
605 1442 764 1505 Aventino
781 1463 815 1504 eo
833 1441 884 1504 dic
899 1450 946 1504 est
961 1452 1163 1515 consecrata.
1180 1437 1226 1503 cui

177 1543 338 1608 consentit
363 1544 453 1608 Fest.
480 1545 611 1609 Scribas
635 1553 669 1607 et
692 1544 927 1630 Quinquatrus.
982 1543 1072 1607 Nam
1098 1554 1135 1605 et
1159 1541 1227 1606 alibi

177 1647 368 1729 templorum
386 1647 606 1713 dedicatorum
621 1648 837 1713 anniversaria
851 1646 988 1714 Natales
1002 1646 1114 1710 vocari
1128 1645 1227 1709 solem

178 1746 222 1811 V.
242 1747 281 1812 G.
305 1749 375 1813 dies
400 1751 443 1813 15
465 1751 555 1826 Maii,
578 1752 633 1814 ubi
656 1750 812 1833 templum
838 1749 1002 1814 Mercurio
1027 1757 1224 1814 exsauctun

179 1872 251 1915 esse
283 1853 431 1926 tundunt3
461 1854 558 1918 Ovid.
584 1876 614 1917 v.
637 1853 721 1928 669;
750 1853 792 1916 cf.
823 1852 894 1916 Liv.
925 1850 975 1914 ΙΙ.
1005 1852 1078 1917 xxi.
1105 1851 1170 1928 27;
1196 1851 1225 1913 in

179 1953 309 2020 kalend.
328 1954 373 2018 N.
391 1954 545 2019 Mercurii
561 1966 694 2019 vocatur
708 1964 743 2018 et
758 1945 914 2018 Martialis
928 1954 1034 2017 canit:

451 2115 540 2173 Maiae
555 2114 735 2174 Mercurium
747 2113 863 2172 creastis
876 2111 957 2171 Idus.

222 2268 315 2329 Fast.
330 2267 377 2329 iii.
391 2265 466 2330 849.
480 2267 521 2330 de
532 2264 728 2330 Tubilustrio
741 2272 775 2326 et
784 2262 919 2327 Verrius
931 2273 966 2325 et
979 2262 1094 2348 Lydus
1106 2271 1153 2348 (p.
1164 2262 1225 2342 85.)

178 2369 348 2432 lectionem
381 2371 589 2452 quorumdam
623 2369 716 2433 codd.
749 2376 783 2430 et
812 2365 941 2430 Heinsii
978 2367 1223 2451 explicationem

179 2480 289 2551 aperte
307 2471 482 2534 vindicant.
528 2471 662 2534 Plurimi
678 2470 721 2533 ibi
737 2471 866 2554 legunt:

336 2637 457 2696 Summa
471 2638 532 2697 dies
546 2658 562 2697 e
576 2639 705 2716 quinque
718 2638 802 2697 tubus
815 2636 938 2695 lustrare
952 2657 1070 2696 canorus

373 2732 531 2802 Admonet,
545 2743 576 2792 et
589 2733 656 2792 forti
670 2732 826 2791 sacrificare
842 2731 914 2789 Deoe
920 2753 934 2796 ,·

176 2887 262 2969 quod
279 2886 318 2948 ad
337 2885 517 2948 Minervam
532 2884 726 2948 referebant.
772 2883 874 2946 Alior.
892 2883 1065 2947 lectionem
1078 2887 1152 2950 Deo
1162 2886 1222 2970 jam

179 2987 295 3050 Heius.
321 2989 361 3049 ad
393 2987 531 3050 Martem
558 2987 672 3049 referri
695 2985 806 3049 voluit.
852 2985 1027 3049 Accedunt
1053 3008 1142 3052 nuno
1167 2989 1222 3050 duo

177 3090 376 3164 testimonia;
400 3089 554 3153 Verrius:
578 3089 685 3151 Feriae
701 3087 831 3160 Μανῆς
854 3087 985 3172 Lydus:
1006 3095 1143 3170 καθαρμὸς
1161 3096 1222 3149 σάλ·

174 3220 274 3270 πιγγος,
302 3198 378 3268 τιμαὶ
398 3196 487 3270 Ἀρέως
506 3196 551 3250 καὶ
572 3191 781 3269 Nealcae—De
809 3190 878 3254 loco
907 3190 1100 3254 Tubllusil'll
1127 3191 1220 3254 Varro

177 3292 391 3356 confirmatur.

104 3437 106 3440 -
222 3395 314 3459 Fosi.
332 3396 374 3456 iv.
390 3394 464 3456 354.
481 3395 535 3475 (ad
552 3395 616 3456 d.4
632 3394 728 3477 Apr.)
751 3394 878 3457 Heinsii
894 3394 954 3457 viri
968 3395 1079 3478 magni
1095 3414 1216 3458 acumen

176 3497 206 3559 in
230 3519 264 3559 re
287 3497 424 3581 graviori
449 3497 656 3580 dijudicanda
673 3497 764 3559 novis
785 3496 1015 3559 accedentibus
1038 3494 1215 3561 testimoniis

176 3599 373 3672 vindicatur;
397 3621 507 3662 versus
522 3599 606 3661 enim
622 3597 797 3661 353-356
813 3619 912 3682 quum
925 3598 971 3660 ita
986 3598 1185 3682 legerentur:

331 3718 392 3775 Cur
405 3718 513 3776 vicibus
527 3718 612 3776 factis
626 3718 724 3776 ineant
738 3717 876 3785 convivia,
887 3737 982 3794 quaero

372 3812 449 3869 Tum
463 3813 564 3889 magis,
579 3811 702 3870 indictas
715 3810 972 3889 concelebrentque
984 3811 1086 3891 dapes.

332 3906 419 3976 Quod
432 3908 505 3966 bene
520 3907 639 3965 mutarit
652 3906 750 3967 sedem
766 3906 969 3984 Berecynthia,
980 3905 1077 3977 dixit,-

354 4025 357 4031 ·
370 4002 497 4079 Captant
512 4003 628 4060 mutatis
642 4001 758 4061 sedibus
767 4022 851 4061 omen
864 4001 942 4061 idem
953 4024 962 4073 ς

174 4113 330 4179 Heinsius
353 4135 415 4176 non
442 4112 573 4189 habeus,
597 4115 636 4177 ad
660 4115 746 4196 quod
769 4114 906 4177 referret
927 4117 957 4173 τὸ
980 4115 1129 4188 mutarit,
1148 4119 1209 4174 ete
1264 4146 1267 4183 l
