2806 5018
181 339 246 406 386
575 340 830 407 Excunsns
914 352 920 360 ‘

184 512 259 576 mihi
281 531 416 596 arguere
435 512 584 576 videntur
608 535 647 577 ea
667 515 746 589 loca,
768 514 822 577 ubi
846 514 990 599 ejusdem
1011 512 1117 577 seue
1139 512 1226 576 idem

183 623 271 678 onus
286 614 334 677 bis
352 615 486 679 diversis
502 615 615 679 diebus
635 617 814 700 adscriptus
828 626 888 691 est,
905 626 939 680 et
958 617 1003 679 ita
1022 624 1058 679 ut
1079 615 1161 678 alter
1175 635 1226 678 ac·

183 724 292 780 curate
317 717 356 779 ad
384 716 509 791 Romae,
535 717 616 781 alter
640 720 681 782 ad
704 719 910 783 Alexandriae
934 719 1133 783 horizontem
1154 737 1226 800 per·

183 817 292 881 lineat.
337 818 467 881 Accidit
488 818 546 882 hoc
568 820 600 882 iu
627 820 779 903 Delphini
802 830 876 885 ortu
895 819 1083 906 acroaychc,
1107 819 1165 902 qni
1185 818 1226 880 vi.

182 918 257 982 471.
276 919 341 982 dici
355 921 398 984 10
411 921 488 984 Jnn.
509 921 698 984 adscribitur
716 923 760 1000 (in
782 943 877 1005 quem
897 922 982 985 idem
1003 931 1093 984 ortus
1112 920 1226 985 Βοωω

182 1021 304 1097 incidit,
321 1025 362 1087 ad
378 1023 548 1088 Patavium
565 1024 660 1088 Gem.
675 1024 740 1098 17⁰,
755 1024 1028 1102 0=d.101un.)

299 1161 517 1240 Navitapnppe
530 1161 640 1231 sedens,
656 1160 802 1240 Delphina
815 1162 983 1229 videbimus,
996 1161 1115 1238 inquit,-

339 1255 469 1314 Humida
483 1277 572 1333 quum
585 1255 667 1334 pulso
680 1275 737 1314 nox
749 1257 805 1314 erit
817 1266 879 1315 orta
891 1256 947 1314 die.

224 1386 344 1451 Postea
365 1387 523 1470 repetitur
541 1387 594 1450 die
609 1387 653 1450 17
667 1384 689 1450 J
693 1407 745 1448 un.
766 1386 854 1469 quod
878 1386 919 1448 ad
938 1383 1152 1447 Alexandria
1172 1382 1224 1447 hc

180 1487 335 1552 rizontem
361 1488 511 1571 pertinet.
546 1486 1023 1566 (Gem.25⁰,2=d.18Jun.
1050 1486 1141 1570 quod
1163 1507 1224 1548 uno

181 1589 233 1652 die
250 1588 384 1665 differt.)
400 1588 443 1651 vi.
455 1589 538 1652 720:

397 1721 544 1779 Continua
558 1721 677 1799 delphin
689 1731 772 1779 nocte
784 1720 925 1779 videndus
937 1721 1003 1789 erit,

181 1848 267 1932 quod
289 1855 324 1909 et
345 1846 375 1910 h.
397 1845 418 1908 l.
441 1847 482 1909 de
505 1856 576 1909 ortu
598 1846 775 1930 acronycho
796 1846 930 1931 intelligi
950 1847 1061 1910 debet.
1100 1847 1223 1912 Similia

179 1950 249 2014 sere
267 1949 336 2013 loca
353 1958 436 2023 sunt,
455 1971 484 2011 v.
497 1948 572 2012 733.
588 1956 622 2011 ct
636 1950 677 2011 vi.
691 1949 766 2012 335.
784 1950 871 2029 (vide
890 1948 985 2012 Psaff.
1000 1970 1033 2031 p.
1046 1950 1093 2012 74
1106 1959 1144 2012 et
1156 1951 1223 2025 75.)

181 2052 236 2115 nbi
260 2051 373 2116 Bootae
395 2073 526 2114 occasus
546 2051 718 2114 matutinus
742 2051 789 2114 bis
811 2051 977 2133 repetitur,
999 2057 1034 2112 et
1057 2051 1162 2115 semel
1182 2051 1222 2114 ad

181 2152 307 2227 Romae,
326 2151 424 2216 semel
447 2153 487 2215 ad
508 2151 646 2216 Gracia
667 2152 862 2215 horizontem
882 2152 1034 2235 pertinet,
1055 2161 1089 2217 et
1108 2153 1222 2219 eodem

180 2256 274 2318 modo
296 2277 332 2318 se
353 2255 481 2318 habebit
501 2277 569 2318 cem
588 2256 686 2340 Lyra
703 2264 735 2318 et
752 2255 867 2340 Reguli
887 2255 1064 2329 occasibus,
1083 2255 1149 2320 alio
1169 2279 1221 2321 no·

179 2357 263 2420 mine
280 2365 391 2439 postea
406 2357 582 2431 laudandis,
594 2379 674 2440 qnos
685 2359 706 2421 i.
720 2357 796 2420 654.
813 2358 845 2420 d.
860 2356 903 2420 23
918 2356 994 2419 Jan.
1010 2365 1046 2419 et
1060 2358 1220 2422 iterumii.

177 2459 231 2521 75.
258 2459 290 2521 d.
316 2458 337 2521 2
363 2459 459 2521 Febr.
486 2458 645 2533 adscribit,
671 2458 726 2521 ubi
750 2460 784 2520 in
803 2458 1011 2531 Kalendario,
1035 2460 1127 2543 qnod
1149 2469 1220 2525 ante

178 2557 286 2622 oculos
308 2559 427 2634 habuit,
445 2560 541 2622 iidem
565 2580 696 2624 occasus
718 2561 776 2635 bis,
798 2562 855 2624 sed
877 2560 1055 2624 secundum
1078 2561 1219 2626 diversos

177 2659 355 2724 horizontes
372 2662 514 2724 adnotati
529 2662 631 2724 fuere.
666 2661 720 2725 Ad
737 2662 846 2726 Ovidii
860 2671 966 2725 autem
981 2662 1175 2745 imperitiam
1188 2664 1218 2726 in

176 2762 222 2825 his
238 2764 357 2826 ortibus
372 2773 406 2826 et
420 2764 582 2827 occasibus
599 2765 729 2827 carmini
743 2786 800 2827 suo
811 2765 1003 2837 intexendis,
1013 2763 1083 2846 jam
1097 2766 1218 2848 pridem

178 2864 359 2929 K'astnerus
386 2865 555 2948 aliquando
581 2867 680 2949 digito
706 2867 843 2929 intendit
862 2865 1110 2944 (Kiiatneracloes
1127 2868 1218 2931 Mna·

175 2966 299 3054 cherley
327 2968 807 3054 astronomect-ptitoloqisclee
836 2968 962 3032 lalmlts
993 2969 1028 3030 in
1059 2968 1092 3031 d.
1126 2991 1217 3033 aenea

170 3071 283 3155 philol.
312 3072 503 3135 Bibliothek.
532 3071 572 3135 Β.
600 3072 648 3134 II.
674 3073 721 3135 St.
745 3073 766 3133 i.
789 3094 821 3154 p.
845 3072 866 3135 7
888 3076 974 3155 sqq.)
996 3080 1032 3133 et
1054 3072 1217 3145 Ovidium,

175 3174 252 3256 quid
273 3175 398 3236 intersit
413 3175 497 3237 inter
519 3183 622 3236 ortum
644 3182 677 3235 et
698 3194 856 3246 occasum,
877 3174 928 3236 vel
945 3175 1151 3248 nautaticum,
1170 3171 1215 3237 rel

173 3278 394 3359 vespertinum,
413 3298 476 3340 non
501 3277 601 3339 solum
626 3276 817 3359 neglexisse,
838 3276 895 3339 scd
917 3275 999 3338 forte
1023 3297 1064 3339 ne
1088 3276 1215 3340 scivisse

173 3379 314 3461 quidem,
329 3386 362 3441 et
376 3377 463 3442 locus
480 3400 498 3440 a
516 3377 678 3440 Kiistnero
693 3377 737 3439 ibi
753 3377 917 3459 expositus
932 3377 1073 3440 etmulti
1089 3377 1155 3452 alii,
1166 3375 1215 3440 ubi

174 3487 284 3560 aperte
297 3480 431 3542 alterum
444 3480 535 3543 alteri
548 3478 721 3551 substituit,
732 3477 911 3541 luculenter
923 3487 1074 3560 arguunt.
1086 3478 1213 3542 Utrum·

174 3599 238 3662 qne
260 3590 366 3644 autem
388 3603 464 3646 vere
487 3591 552 3643 toto
575 3581 658 3643 ooelo
679 3580 806 3642 differre
830 3602 922 3642 nemo
942 3580 1081 3663 ignorat,
1101 3579 1152 3644 vel
1171 3580 1212 3641 in·

173 3687 284 3761 specto
300 3682 394 3763 globo
410 3682 647 3765 deprehendet;
670 3681 691 3742 i.
707 3680 791 3743 311:

332 3808 411 3885 Ergo
424 3810 473 3866 ubi
487 3830 542 3867 nox
557 3809 649 3867 aderit
662 3809 791 3866 venturis
804 3809 891 3867 tertia
905 3809 997 3877 nonis,

371 3902 531 3981 Sparsaque
545 3903 654 3962 coelesti
668 3923 731 3962 rore
744 3903 871 3963 madebit
884 3903 990 3962 humus
1002 3926 1009 3973 ;

329 3997 479 4074 Octipedis
493 3999 599 4056 frustra
612 4009 776 4076 quaerentur
789 3999 904 4056 brachia
919 3997 1024 4056 Cancri
1035 4021 1044 4067 ;

368 4089 497 4168 Praeceps
510 4090 640 4149 occiduas
654 4091 703 4149 ille
717 4092 825 4149 subivit
838 4111 932 4169 aquas.
