2806 5018
566 364 883 430 CONSOLATIO.
1182 371 1249 436 427

197 535 280 610 Nec
299 560 416 633 quum
433 537 613 611 victuram
632 538 812 611 referetur
829 539 964 613 adesse
983 538 1185 628 Neronem,

247 651 384 724 Dicere
397 654 477 747 jam
495 663 637 750 potero,
659 652 795 749 Major,
811 679 857 727 an
877 655 984 740 alter,
1000 655 1134 730 adest?
1173 661 1244 731 150

196 766 340 841 Ultima
356 767 603 864 contigimus:
619 771 683 865 jus
701 769 831 841 matris
850 770 1031 843 habemus
1050 772 1098 844 ab
1116 795 1213 847 uno:

246 882 368 955 Unius
386 894 444 955 est
462 908 610 970 munus,
630 884 733 980 quod
748 896 875 958 tamen
892 887 984 959 orba
1002 909 1129 982 negor.

189 996 259 1071 Me
278 998 468 1072 miseram!
488 999 859 1097 extimui,srigusque
873 1024 941 1097 per
955 1024 1043 1074 ossa
1053 1003 1240 1093 cucurrit;

241 1113 306 1186 Nil
323 1138 395 1211 ego
409 1118 488 1213 jam
506 1140 661 1212 possum
678 1130 782 1189 certa
798 1139 931 1190 vocare
951 1140 1091 1190 meum.

189 1227 266 1301 Hic
286 1254 390 1303 meus
408 1254 499 1305 ecce
516 1230 605 1305 fuit:
630 1233 742 1328 jubet
759 1233 819 1305 hic
838 1233 885 1306 de
903 1231 1016 1305 sratre
1027 1234 1168 1320 vereri;

243 1344 381 1418 Omnia
393 1348 473 1441 jam
492 1356 644 1419 metuo:
672 1346 800 1419 fortior
817 1357 904 1419 aute
919 1345 985 1419 sui.
1169 1351 1237 1422 156

190 1459 345 1556 Sospite
364 1472 402 1534 te
421 1461 555 1534 saltem
575 1461 721 1547 moriar,
743 1461 778 1532 N
781 1463 864 1535 ero!
894 1473 934 1534 tu
954 1485 1037 1535 mea
1053 1463 1195 1536 condas

242 1574 413 1662 Lumina,
433 1587 471 1648 et
489 1578 656 1674 excipias
675 1578 770 1650 hanc
790 1579 952 1650 animam
971 1598 1035 1650 ore
1053 1577 1128 1674 pio,

186 1689 318 1786 Atque
336 1691 479 1764 utinam
496 1691 610 1764 Drusi
623 1716 756 1765 manus
771 1693 900 1779 altera,
915 1703 955 1765 ct
970 1694 1088 1766 altera
1099 1692 1234 1780 fratris,

242 1802 462 1880 Fornrarent
478 1807 607 1880 oculos
625 1808 995 1904 comprimerentque
1010 1808 1133 1881 meos!
1166 1803 1236 1881 160

185 1919 302 2004 Quod
321 1921 422 2007 licet,
442 1922 513 1994 hoc
531 1932 633 1995 certe
652 1923 797 1994 tumulo
816 1946 997 2020 ponemur
1015 1922 1053 1995 iu
1071 1947 1157 2008 uno,

240 2034 384 2122 Druse3
415 2059 540 2133 neque
558 2037 605 2109 ad
623 2047 768 2110 veteres
785 2037 959 2110 conditus
977 2037 1049 2109 ibis
1067 2060 1168 2110 avos.

186 2147 381 2223 Miscebat
397 2150 589 2247 cinerique
608 2151 714 2237 cinis,
731 2162 848 2247 atque
865 2151 1014 2224 ossibus
1032 2175 1130 2226 ossa.

238 2263 348 2338 Hauc
365 2266 489 2339 lucem
506 2266 619 2340 celeri
637 2267 785 2339 turbine
806 2266 925 2340 Parca
945 2278 1033 2341 neat
1046 2267 1078 2340 Ι”
1160 2273 1230 2341 164

184 2377 282 2454 Haec
299 2392 338 2454 et
351 2382 457 2479 plura
471 2382 600 2456 refert:
621 2382 783 2454 lacrimas
802 2383 993 2456 suaverba
1007 2393 1229 2479 sequuntur,

238 2495 393 2593 Oraque
411 2497 664 2594 nequicquam
683 2522 751 2594 per
764 2498 876 2572 modo
890 2508 1027 2595 questa
1043 2498 1177 2570 fluunt.

183 2610 288 2694 Quin
306 2613 418 2684 etiarn
432 2637 580 2710 corpus,
601 2614 708 2686 rnatri
726 2614 789 2685 vix
807 2614 948 2712 vixque
962 2614 1173 2700 remissum,

236 2724 441 2822 Exsequiis
458 2729 590 2814 caruit,
612 2728 726 2813 Livia,
747 2754 844 2826 pene
862 2730 953 2802 suis

218 3006 273 3054 150.
291 3005 377 3067 Major,
391 3024 422 3054 un
439 3008 499 3054 atter
517 3009 578 3054 adest
587 3006 610 3069 t]
630 3007 681 3055 Nec
731 3023 779 3071 quo
791 3008 890 3062 Drusus,
902 3006 971 3056 Livia
984 3007 1080 3056 condita
1092 3007 1156 3067 fuit3
1173 3015 1231 3058 teste

178 3095 288 3144 quarere
296 3079 444 3144 impotens,
452 3091 504 3128 uter
515 3080 583 3128 adest
591 3080 681 3128 victort
731 3081 844 3143 scriptore
870 3081 964 3137 eudem,
988 3080 1085 3130 ineunte
1107 3081 1149 3128 lib.
1173 3081 1232 3132 lviii.

177 3154 282 3202 Natuue
303 3153 384 3218 major.
401 3154 510 3202 Tiberius
529 3154 630 3209 scilicet,
650 3170 680 3202 sn
731 3154 866 3209 Conferant,
890 3155 931 3218 qui
959 3154 1046 3203 talibus
1074 3154 1231 3212 delectentur,

178 3229 277 3276 Drusus
293 3228 381 3276 frater?
396 3228 475 3275 Ambo
490 3237 570 3276 autern
583 3227 681 3276 victores
730 3229 858 3276 orationem
886 3228 948 3276 hunc
975 3227 1049 3274 livio
1077 3243 1132 3275 cum
1154 3227 1231 3278 verbis

172 3303 229 3367 jan
249 3300 363 3349 redierant
385 3317 398 3350 e
420 3301 522 3356 Rhctis,
539 3301 678 3357 Vindelicis,
732 3300 1106 3364 Evandri‚AEu.1i.152.super
1123 3301 1229 3350 exstinc-

174 3384 229 3424 etc.
247 3389 301 3437 qnae
316 3375 414 3438 quidem
433 3374 536 3422 victorie
555 3375 679 3436 magnifice
730 3383 779 3421 tum
792 3374 902 3422 Pallanta
912 3373 1095 3439 procumbentis,
1106 3388 1231 3438 erumpen-

174 3447 242 3496 adeo
258 3447 352 3496 fuerunt
368 3449 399 3496 ab
421 3448 520 3496 Horatio
537 3447 679 3504 decantate,
729 3447 807 3511 tisquc
825 3447 850 3496 iu
866 3447 909 3495 has
925 3461 1008 3494 voces:
1033 3453 1049 3473 “
1064 3446 1118 3494 Non
1134 3445 1228 3504 hona

172 3522 220 3572 lib.
232 3521 266 3568 iv.
277 3521 328 3570 Od.
339 3523 355 3568 4
366 3533 390 3570 et
404 3522 441 3569 14.
730 3520 806 3576 Paua,
817 3520 916 3570 dederas
927 3518 1039 3584 promissa
1051 3518 1170 3583 pareuti,''
1181 3526 1229 3568 etc.

215 3596 270 3642 161.
289 3596 355 3648 Queri
372 3598 433 3651 licet,
450 3597 489 3642 tm
506 3604 574 3650 certe,
591 3597 680 3642 tamaio
765 3594 818 3640 167.
836 3593 900 3646 Quin
917 3595 985 3640 etiam
1004 3607 1084 3653 corpus
1102 3593 1172 3639 matrs
1192 3593 1230 3643 ais

171 3684 336 3730 componentur
346 3671 372 3716 t'n
379 3669 446 3732 um]
457 3670 544 3717 Omra
552 3667 678 3732 legendum
729 3671 809 3730 virque
818 3667 952 3728 remissum]
960 3665 983 3713 Is
993 3673 1044 3713 erat
1055 3665 1156 3714 militum
1164 3680 1230 3715 mot

172 3743 290 3791 monebat
312 3743 433 3792 Heinsius.
465 3743 561 3790 Tamutc
579 3746 604 3790 in
625 3760 680 3790 uno.
729 3741 754 3788 iu
765 3740 880 3795 Drusum,
894 3749 919 3788 ut
929 3739 1080 3804 auferendum
1090 3738 1148 3804 ipsis
1159 3738 1231 3788 fuerit

173 3816 208 3864 In
224 3817 344 3864 mausoleo
355 3817 485 3870 Cassarum,
497 3831 542 3863 nou
557 3816 581 3862 in
596 3831 678 3864 monn·
730 3829 829 3877 corpus;
846 3811 909 3877 quud
920 3827 994 3876 quum
1011 3811 1112 3860 retinere
1126 3827 1174 3861 nou
1187 3827 1229 3878 po-

174 3895 261 3937 mcuto
274 3888 382 3936 Claudia
397 3890 436 3938 vel
454 3889 526 3938 Livia
544 3889 637 3953 gentis3
656 3899 680 3937 et
730 3887 838 3942 tuissent,
859 3887 914 3935 duci
942 3887 1026 3934 saltem
1050 3894 1229 3934 monumentum

174 3962 213 4010 ita
232 3961 322 4010 iactum
343 3963 415 4013 fuisse
442 3972 521 4011 narrat
543 3964 591 4011 Dic
613 3963 680 4011 Cass.
730 3960 800 4009 inane
816 3960 922 4025 quidem.
935 3959 977 4009 sed
991 3957 1142 4024 splendidum
1157 3974 1227 4023 pusn-

175 4032 213 4083 lv·
730 4044 808 4090 eruut.
824 4034 854 4083 ad
872 4034 994 4090 Rhenum,
1005 4032 1062 4097 ipsis
1076 4032 1101 4080 in
1115 4030 1173 4079 locis
1188 4030 1230 4078 ubi

214 4109 269 4156 163.
284 4109 395 4158 Miscetur
404 4113 519 4173 cinericia
529 4110 608 4173 etun]
628 4111 680 4158 Nec
731 4107 902 4158 Germanarum
913 4108 1027 4172 impetum
1040 4105 1071 4154 sd
1081 4113 1175 4168 ternpus
1184 4103 1230 4150 fre·

176 4194 235 4230 voto
248 4180 338 4231 excidit
347 4200 355 4243 5
371 4199 426 4232 nam
443 4184 467 4232 in
484 4184 567 4232 erdem
581 4183 681 4240 tumulo,
731 4189 809 4243 gerat.
