2806 5018
435 366 753 434 consonano.
1051 369 1118 435 435
1172 447 1173 451 Ν

61 534 236 610 Consule
249 561 330 623 nos,
342 538 439 613 duce
454 564 535 625 nos,
549 540 646 615 duce
660 544 741 638 jam
754 543 906 629 victore,
917 566 1109 618 caremus:

117 651 264 726 Invenit
281 678 329 728 en
346 665 425 728 tota
442 680 577 729 moeror
594 658 632 729 in
649 659 743 730 urbe
760 658 898 731 locum.

61 767 118 840 At
134 771 315 844 comitum
333 774 509 869 squalent
525 774 702 848 immissis
720 799 786 848 ora
802 777 960 873 capillis,
1039 781 1112 850 295

117 883 267 973 Infelix,
288 886 413 961 Druso
432 889 499 962 sed
518 889 581 987 pia
597 891 707 963 turba
722 915 801 963 suo.

61 997 234 1082 Quorum
253 1003 401 1099 aliquis,
415 1004 576 1077 tendens
594 1005 632 1075 iu
651 1015 688 1077 te
707 1028 775 1077 sua
793 1005 958 1091 brachia,
971 1006 1090 1079 dixit:

117 1115 198 1188 Cur
213 1118 294 1191 siue
313 1143 386 1203 me,
405 1143 473 1192 cur
490 1120 544 1193 sic
564 1121 803 1193 incomitatus
821 1121 928 1193 abis?

62 1231 166 1315 Quid
184 1234 340 1308 referam
358 1237 406 1309 de
424 1247 475 1323 te,
494 1237 714 1332 dignissima
731 1238 891 1332 conjuge
911 1235 1047 1322 Druso,

115 1347 242 1446 Atque
260 1351 390 1424 eadem
412 1351 524 1425 Drusi
545 1353 658 1448 digua
676 1356 831 1449 paren'te
848 1351 993 1424 nurus?
1036 1355 1110 1423 300

62 1463 141 1537 Par
158 1466 255 1540 bene
273 1469 544 1565 compositum;
563 1471 743 1564 juvenum
762 1468 985 1541 fortissimus
1002 1468 1108 1552 alter,

114 1579 244 1655 Altera
262 1595 338 1655 tam
355 1583 441 1655 forti
461 1595 591 1658 mutua
603 1608 694 1657 cura
712 1585 800 1656 viro.

63 1695 220 1770 Femina
237 1709 277 1770 tu
297 1699 490 1796 princeps;
520 1710 561 1772 tu
581 1701 659 1773 filia
677 1700 859 1773 Caesaris:
889 1700 943 1771 illi

114 1811 151 1883 N
153 1837 198 1885 ec
215 1815 336 1886 minor
349 1840 390 1888 es
403 1814 529 1911 magni
546 1818 708 1913 conjuge
725 1817 805 1888 visa
822 1815 938 1888 Jovis.

60 1929 120 2001 Tu
139 1954 342 2004 concessus
361 1955 475 2018 amor,
495 1948 535 2004 tu
554 1933 656 2005 solus
674 1945 713 2006 et
730 1933 884 2005 ultimus
902 1931 969 2016 illi,
1034 1934 1107 2002 305

111 2044 169 2116 Tu
189 2047 337 2143 requies
352 2047 452 2121 fesso
470 2060 577 2142 grata
594 2049 732 2122 laboris
751 2072 844 2122 eras

58 2159 116 2235 Te
134 2163 310 2250 moriens,
330 2188 397 2261 per
412 2167 527 2238 verba
544 2165 755 2250 novissima,
772 2173 929 2260 questus
948 2163 1103 2246 abesse3

113 2275 165 2348 Et
182 2289 283 2350 mota
300 2278 337 2349 iu
356 2303 492 2353 nomen
510 2278 644 2376 frigida
660 2279 788 2375 lingua
806 2290 925 2350 tunm.

59 2392 200 2465 infelix
218 2394 368 2492 recipie,
387 2421 462 2468 non
482 2420 598 2492 quern
615 2395 837 2492 promiserat
854 2394 957 2490 ipse;

109 2506 146 2580 N
151 2532 193 2581 ec
212 2509 276 2604 qui
297 2510 432 2583 missus
451 2523 542 2597 erat,
562 2536 632 2585 nec
650 2524 738 2584 tuus
756 2510 818 2582 ille
835 2510 952 2596 redit;
1031 2513 1106 2581 310

53 2798 82 2846 in
94 2794 559 2852 auimotibisedebatutllomamnnn·
609 2799 734 2855 Claudius,
755 2800 797 2864 qui
821 2797 908 2847 deiude
929 2798 1062 2864 imperstor,
1084 2806 1109 2845 ct

52 2871 279 2936 quamoptimo
288 2869 382 2919 redires.
411 2871 558 2919 Victoreras:
611 2872 684 2927 livia,
695 2888 736 2922 sen
748 2871 841 2925 Liuilla,
852 2887 940 2919 morum
957 2871 1109 2919 dissolutione

52 2943 191 2992 debuerant
208 2941 281 3006 igitur
295 2943 431 2992 incolumen
451 2952 474 2992 te
494 2944 560 2992 nobis
610 2945 669 2994 adeo
682 2944 783 2993 infamis.
817 2945 917 2991 Veneno
931 2943 1109 3008 interceptama
1150 2954 1185 2997 ,¹·
1259 2957 1305 3012 «Ι.

53 3027 160 3079 temporo
171 3015 277 3064 reddare.
611 3017 723 3082 Caligula
734 3018 790 3065 duto
801 3016 930 3064 Antoniam
948 3017 1025 3063 innuit
1039 3017 1107 3063 Suet.

90 3088 152 3137 299.
170 3088 232 3141 Quid
243 3089 339 3154 reserum
351 3092 379 3136 de
390 3099 419 3145 te,
431 3089 489 3152 etc]
507 3091 560 3137 Ser·
611 3090 697 3139 Claud.
709 3092 749 3139 2³.

51 3177 155 3213 monem
173 3178 235 3210 nunc
255 3161 370 3211 convertit
387 3164 417 3212 sd
436 3165 561 3228 conjugem
645 3165 700 3212 305.
718 3163 753 3210 Tu
768 3179 881 3212 concessus
892 3178 962 3216 umor,
974 3170 1000 3209 tu
1016 3162 1075 3207 solos
1085 3171 1108 3208 st

51 3234 144 3290 Drusi,
164 3234 293 3284 Antoniam
320 3235 442 3291 minorem,
464 3235 561 3285 Antonii
611 3239 707 3286 ultimus
717 3237 775 3300 uu]
793 3236 898 3284 Laudem
909 3235 970 3282 banc
978 3234 1057 3282 Druso
1067 3233 1107 3282 tri·

49 3309 185 3359 Triumviri
199 3326 228 3359 cx
239 3310 351 3364 Octavia,
365 3309 465 3374 Augusti
477 3325 561 3362 sorore,
611 3311 663 3358 buit
673 3312 730 3359 Val.
740 3312 809 3359 Max.
819 3311 871 3358 loco
881 3309 933 3373 jem
944 3308 1032 3362 adlato,
1044 3307 1108 3372 qnod

51 3383 144 3433 tiliam.
171 3383 209 3430 Dc
225 3398 255 3430 ea
271 3381 305 3430 sic
317 3382 373 3430 val.
390 3383 459 3430 Max.
476 3382 509 3429 iv.
528 3384 558 3431 ³:
615 3385 705 3432 Veneris
714 3402 779 3432 usum
789 3387 853 3431 intra
862 3383 964 3445 conjugis
974 3381 1108 3428 charitatem

51 3463 73 3486 ⁶⁴
85 3454 192 3504 Antonia
201 3471 295 3521 quoqne
306 3455 394 3504 lamina
405 3455 515 3504 laudibus
526 3454 560 3504 vi·
611 3459 713 3505 clausum
729 3461 836 3505 tenuerit.
868 3454 981 3512 Quidum,
996 3454 1108 3518 consessus

51 3531 127 3582 rilem
146 3529 240 3578 familie
261 3545 309 3578 sure
329 3530 459 3579 claritatem
478 3546 558 3595 super-
611 3549 681 3586 amor,
693 3531 819 3595 legitimus.

51 3617 151 3672 gressa,
170 3619 271 3652 amorem
294 3604 370 3652 mariti
392 3605 485 3667 egregia
512 3604 558 3652 fide
642 3605 698 3652 308.
716 3604 747 3651 Et
762 3615 819 3651 motu
834 3606 859 3649 in
873 3601 1107 3666 nomensrigidnliu·

50 3676 186 3746 pemvit3
210 3693 264 3741 quc
286 3687 339 3742 post
359 3678 410 3742 ejus
428 3677 558 3734 decessum,
608 3678 754 3741 guarum]
790 3675 893 3724 Volebat
902 3673 1016 3723 Francius
1026 3676 1057 3722 ud
1067 3692 1106 3722 no·

52 3752 137 3800 forms
150 3760 175 3798 et
184 3760 254 3799 atate
267 3752 361 3805 florens,
374 3750 509 3799 cubiculum
522 3767 557 3799 so·
608 3769 668 3807 man,
684 3751 761 3815 quasi,
779 3749 860 3797 audito
881 3747 987 3811 conjugis
1005 3747 1108 3804 nomine,

51 3840 113 3875 crus
127 3839 168 3889 pro
184 3824 294 3888 conjugio
308 3824 406 3871 habuit:
425 3825 449 3872 iu
464 3825 558 3872 eodem-
609 3826 687 3873 adhuc
709 3824 870 3889 compellaret.
903 3822 942 3870 Sic
964 3820 993 3869 de
1012 3821 1108 3887 Orpheo

54 3912 106 3964 que
128 3906 177 3945 toro
198 3897 295 3945 alterius
313 3897 476 3945 adolescentiae
494 3897 559 3959 vigor
608 3914 651 3945 suo
662 3896 747 3960 virgil.
758 3895 887 3959 Georgdr.
899 3897 962 3944 5252
981 3900 997 3921 ‘⁸
1014 3895 1106 3943 ..Ευ-

54 3969 191 4020 exstinctus
207 3977 244 4017 est
253 3987 260 4029 3
277 3970 373 4018 alterins
385 3969 507 4018 viduitatis
516 3985 557 4017 ex·
609 3969 704 4034 rydicen
714 3986 758 4017 vox
768 3970 821 4035 ipsa
831 3979 855 4018 et
866 3967 950 4032 frigida
961 3967 1050 4030 lingua,
1060 3967 1108 4013 Ab!

54 4042 175 4109 perientia
191 4043 338 4092 consenuit.”
370 4044 454 4091 Totam
471 4059 496 4090 se
511 4053 557 4090 tra·
609 4042 716 4091 miseram
736 4044 878 4108 Eurydicen,
897 4040 976 4089 anima
993 4040 1107 4102 fugiente,

55 4116 121 4165 didit
138 4114 220 4164 liberis
238 4115 377 4172 educandis,
395 4116 435 4180 qui
455 4126 501 4163 tres
516 4133 558 4163 uu·
610 4117 742 4166 vocabatl”

55 4205 137 4239 mero:
157 4190 323 4246 Germanicus,
341 4190 456 4250 Caligulas
477 4198 557 4254 pater:
