2806 5018
175 329 241 393 424
427 328 496 392 ΑΙ)
522 326 693 392 urvmm
717 324 982 404 AUGUSTAM

177 501 326 597 Raptus
344 512 384 573 et
400 501 561 585 absenti,
580 502 670 572 dum
688 512 727 572 te
744 501 823 574 fera
842 502 941 575 bella
957 511 1167 585 morantur,

226 614 362 688 Utilior
379 615 523 712 patriae,
543 638 656 711 quam
675 614 756 699 tibi,
778 614 914 702 Druse,
934 627 1025 689 ture.
1160 619 1222 686 lou

177 730 369 828 Liquitur3
398 743 441 803 ut
457 731 662 828 quondam,
682 730 865 829 Zephyris
883 744 923 805 et
940 732 1090 805 solibus
1110 732 1204 813 ictae,

225 846 430 919 Solvuntur
447 859 599 932 tenerae,
617 870 704 937 vere
723 859 889 945 tepente,
908 848 1030 920 nives

173 960 228 1035 'l'e
247 963 430 1059 queritur,
450 986 638 1060 casusque
657 963 787 1050 maloS,
808 964 991 1060 irrisaque
1009 963 1126 1048 tales,

224 1077 467 1175 Accusatque
485 1101 618 1162 anuos,
637 1092 679 1149 ut
696 1077 887 1166 diuturna,
906 1102 1011 1151 suos

173 1191 277 1266 Talis
295 1194 333 1266 in
352 1194 551 1279 umbrosis,
571 1194 672 1266 mitis
691 1217 790 1265 nunc
807 1195 987 1290 denique,
1009 1193 1119 1266 silvis
1163 1193 1222 1263 105

227 1309 355 1382 Deflet
370 1309 585 1384 Threicium
604 1309 761 1382 Daulias
778 1310 857 1382 ales
876 1309 989 1406 Ityn:

148 1408 153 1424 ’
175 1422 415 1522 Halcyonum
432 1427 528 1499 tales
544 1437 703 1498 ventosa
720 1449 788 1522 per
805 1447 958 1522 aequora
974 1434 1143 1521 questus

224 1538 283 1612 Ad
303 1541 436 1613 surdas
455 1543 558 1614 tenui
577 1565 669 1614 voce
687 1551 867 1614 sonantur
884 1562 1029 1637 aquas:

176 1653 239 1725 Sic
258 1655 430 1751 plumosa
448 1657 551 1728 novis
570 1657 792 1753 plangentes
811 1666 966 1753 pectora
984 1655 1126 1752 pennis

225 1769 390 1844 OEuiden
410 1773 546 1844 subitae
563 1771 820 1857 concinuistis,
838 1794 949 1843 aves:
1161 1771 1220 1841 110

177 1883 242 1957 Sic
259 1885 362 1958 flevit
379 1885 587 1984 Clymene3
618 1886 672 1958 sic
690 1897 730 1959 et
748 1885 1032 1983 Clymeneides
1053 1887 1131 1958 alte

226 1999 352 2083 Quum
365 2003 515 2098 juvenis
533 2000 664 2097 patriis
682 2000 826 2072 excidit
842 2001 939 2073 ictus
956 1999 1087 2097 equis.

177 2115 365 2211 Congelat
382 2117 569 2189 interdum
587 2116 773 2199 lacrimas,
792 2115 993 2212 duratque,
1014 2125 1208 2211 tenetque,

227 2231 518 2330 Suspensasque
536 2232 667 2305 oculus
685 2229 812 2302 sortior
829 2231 929 2303 intus
946 2231 1041 2328 agit.

211 2419 264 2467 101.
281 2416 408 2480 Liparum,-
430 2429 457 2466 ut
474 2421 594 2480 quondam,
611 2415 672 2478 etc]
724 2431 827 2471 namma,
839 2431 893 2480 qna
910 2429 954 2462 sua
969 2423 1068 2481 peteret
1084 2424 1222 2468 omma·

174 2491 277 2540 Solvitur
292 2489 317 2537 iu
333 2489 456 2539 lacrimas:
474 2490 567 2556 propria
585 2506 628 2538 vox
644 2504 673 2537 eo
724 2504 753 2537 ex
774 2489 826 2555 ipso
847 2489 922 2545 lontc,
942 2488 1008 2538 unde
1029 2498 1097 2540 esset
1115 2488 1222 2539 odanda:

174 2580 243 2612 sensu
266 2564 372 2625 liquitur.
395 2563 462 2628 Virg.
483 2565 571 2627 Georg.
590 2563 606 2612 i.
626 2564 673 2612 4³:
725 2564 844 2612 Nasonem
855 2579 910 2612 vero
921 2562 985 2612 lacto
995 2565 1134 2620 recentiori,
1144 2573 1167 2612 et
1177 2564 1224 2629 qui·

174 2643 190 2665 ‘¹
202 2635 306 2685 Gelidus
320 2635 386 2683 cauis
405 2653 478 2700 quum
495 2637 613 2685 montibus
629 2636 673 2684 bu·
724 2637 779 2686 dem
792 2636 961 2693 crudelissimo,
973 2637 1058 2686 matris
1072 2638 1147 2704 ipsius
1162 2653 1222 2686 aures

175 2725 224 2757 mor
245 2709 363 2772 [ἱρηίων.
384 2720 408 2758 et
427 2711 533 2775 Zephyro
556 2710 674 2774 putuisse
726 2712 858 2758 verberare.

175 2783 245 2847 gleba
256 2783 372 2832 resolvit.”
761 2784 814 2832 106.
833 2784 931 2832 Daulias
949 2785 1022 2846 alm]
1053 2784 1118 2834 l'ide
1138 2785 1224 2848 Episto-

211 2857 265 2904 103.
285 2856 315 2903 Te
335 2860 449 2919 primitur,
470 2875 576 2919 casusque
599 2860 676 2913 matu,
726 2858 772 2905 lam
786 2875 825 2905 xv.
839 2860 894 2906 156.

175 2933 287 2994 irritaque
314 2932 390 2994 talen]
429 2932 537 2980 Feliciter
564 2932 676 2980 Heinsius
761 2933 897 2979 109-110.
919 2932 957 2978 Sic
972 2934 1077 2992 plumoso
1095 2937 1224 2981 novis—-

175 3003 374 3068 corruptissimum
402 3006 488 3059 locum,
514 3005 555 3068 qui
584 3004 675 3053 nullum
727 3006 824 3053 OErriden
843 3007 990 3053 coricinuistir
1010 3006 1086 3068 aves]
1108 3006 1224 3054 Diomedis

176 3078 271 3126 omnino
286 3094 380 3126 sensum
393 3079 528 3133 exhibebat,
541 3078 607 3126 nulla
621 3079 677 3126 licet
725 3078 801 3126 socios
818 3079 935 3142 designat,
952 3077 994 3142 qui
1011 3078 1102 3127 ducem
1123 3079 1224 3127 amissum

176 3151 247 3201 MSS.
274 3153 312 3199 vel
341 3153 480 3217 scriptorum
509 3151 674 3200 emendantem
727 3162 775 3199 tam
786 3168 865 3199 amare
881 3151 1038 3207 defleverunt,
1051 3163 1077 3200 ut
1088 3152 1145 3201 illos
1154 3153 1193 3200 Dii
1206 3153 1225 3199 in

176 3225 304 3272 auctoritas
325 3223 456 3288 adjuvaret,
475 3224 508 3272 sic
529 3224 621 3272 curavit
639 3241 675 3272 re·
726 3241 813 3289 cycnos
827 3225 1010 3274 immutaverint.
1046 3227 1142 3275 Dicunt
1158 3226 1225 3274 aliiin

175 3296 335 3346 stiluendum:
360 3299 424 3345 “Te
445 3300 559 3362 queritur,
577 3308 624 3346 etc.
644 3314 675 3344 rr·
726 3315 782 3347 ares
791 3297 1032 3353 convescentium
1042 3299 1224 3364 Venerinqmu

177 3370 271 3436 risuque
282 3372 361 3419 vota.''
727 3373 786 3422 ferro
796 3372 926 3421 Diomedes
936 3370 1041 3420 leserat.

212 3446 268 3493 104.
290 3445 321 3492 Ut
335 3446 469 3507 diuturna]
492 3446 525 3493 Ut
538 3462 592 3510 quac
604 3447 675 3493 vitam
762 3449 816 3495 lll.
833 3448 870 3494 Sic
873 3448 943 3511 flevit
956 3445 1083 3508 Clymene:
1102 3451 1136 3496 ric
1146 3460 1167 3496 et
1179 3449 1225 3510 cap

177 3516 271 3579 longius
281 3519 412 3581 protulerit.
726 3521 859 3584 menoides]
879 3521 959 3568 Mater
972 3519 1119 3569 Phaetontis
1134 3531 1158 3569 et
1174 3537 1227 3570 roro

215 3593 268 3640 105.
289 3592 389 3640 Taliriu
405 3593 595 3655 umbraticae]
616 3593 676 3640 Nul·
727 3612 771 3644 res.
798 3594 855 3643 Vid.
867 3593 980 3641 Nostrum
991 3594 1057 3643 Met.
1067 3595 1114 3644 lib.
1124 3597 1150 3644 ii.

178 3667 215 3714 lus
232 3682 288 3715 saue
308 3667 346 3715 hic
365 3678 415 3715 erat
435 3669 501 3715 locus
523 3668 546 3715 in
567 3683 677 3731 campum
763 3670 816 3716 11³.
841 3668 951 3731 Congelat
968 3670 1091 3716 interdum
1110 3667 1225 3729 lucrinas]

179 3741 364 3804 mythologicum
383 3741 431 3789 late
449 3742 508 3790 adeo
527 3741 676 3790 excurrendi.
728 3744 794 3791 Facit
812 3741 949 3807 premendo,
970 3751 997 3788 ut
1014 3743 1151 3792 subsistant
1168 3744 1225 3791 lacri-

181 3814 250 3870 Quod
268 3815 287 3862 si
303 3815 360 3862 sorte
375 3824 470 3878 poetam
486 3814 580 3878 Virgilii
598 3830 677 3862 exem·
727 3833 780 3871 mae,
791 3832 859 3880 aque
871 3831 943 3869 more,
954 3831 1010 3879 que
1023 3817 1121 3874 acriori,
1130 3820 1167 3866 rel
1177 3818 1226 3866 iuter

179 3888 245 3952 plum
266 3888 398 3942 tentaverit,
419 3887 459 3951 qui
482 3887 560 3935 luctus
579 3888 678 3951 Orphei,
728 3890 860 3939 cadendum
873 3889 957 3953 frigore
965 3893 1226 3957 correptasubiupen·

181 3962 267 4010 amissa
287 3962 413 4024 Eurydice,
432 3976 486 4008 cum
508 3962 574 4009 luctu
596 3963 677 4011 Philo·
728 3965 769 4013 det
780 3964 900 4013 adstricta.
933 3964 972 4011 De
981 3965 1062 4013 oculis
1071 3967 1145 4015 Hom.
1154 3965 1228 4029 Odys

181 4036 247 4096 melre
264 4044 393 4098 comparat,
409 4035 498 4097 Georg.
513 4037 545 4082 ir.
558 4038 619 4093 511;
637 4037 676 4085 de·
730 4044 757 4087 T.
766 4040 827 4085 211:
846 4036 984 4102 Ὀφθαλμοὶ
997 4036 1019 4087 δ’
1031 4039 1091 4089 ὡσεὶ
1102 4042 1160 4106 ιερὰ
1168 4044 1227 4090 lm·

180 4109 268 4156 buissel
288 4107 408 4157 attendere
429 4110 553 4156 Maronem
573 4110 677 4159 fabulam
731 4130 787 4166 oov,
800 4111 827 4170 vil
839 4109 943 4174 σίδηρος.
978 4112 1030 4161 Ubi
1044 4114 1227 4164 recteScholias·
