2806 5018
189 354 257 422 sou
475 354 513 419 Ρ.
539 335 694 422 orrorr
718 354 928 422 uusours

190 529 353 604 Pectora
369 529 549 625 trajectus
569 529 721 626 Lynceo
739 528 877 603 Castor
894 530 943 602 ab
961 553 1068 615 ense,

240 643 327 716 Nou
345 654 568 740 exspectato
586 644 740 717 vulnere
759 642 898 743 pressit
915 646 1086 718 humum.
1168 651 1230 719 710

190 757 301 831 Ultor
319 757 427 831 adest
445 756 604 845 Pollux3
634 769 674 832 et
691 757 844 857 Lyncea
861 758 1027 858 perforat
1045 762 1168 849 hasta,

239 872 324 958 Qua
341 873 468 947 cervix
485 874 661 947 humeros
679 875 898 948 continuate
915 875 1067 974 premit.

188 987 276 1063 Ibat
292 990 330 1060 in
348 990 447 1062 hunc
463 988 563 1074 Idas,
578 990 721 1088 vixque
738 1004 798 1065 est
811 992 917 1065 Jovis
934 994 1022 1088 igne
1042 995 1224 1092 repulsus:

237 1103 331 1177 Tela
347 1114 475 1178 tamen
493 1104 636 1178 dextrae
655 1105 810 1181 fulmine
829 1118 936 1206 repta
953 1120 1111 1206 negant.

186 1220 350 1317 Jamque
368 1219 436 1293 tibi
450 1220 600 1305 coelum,
616 1220 767 1305 Pollux,
783 1223 943 1298 sublime
962 1225 1143 1322 patebot;
1165 1227 1224 1298 715

237 1336 377 1422 Quum,
398 1335 499 1422 Mea,
520 1336 662 1423 dixisti,
682 1338 834 1436 percipe
851 1342 978 1425 verba,
998 1339 1130 1415 Pater.

185 1450 297 1536 Quod
316 1451 406 1523 milri
424 1452 493 1524 das
513 1452 589 1538 uni,
609 1454 746 1526 coelum
765 1457 903 1553 partire
921 1457 1096 1531 duobus:

237 1567 445 1639 Dimidium
462 1579 541 1640 toto
560 1591 713 1643 munere
732 1573 853 1668 majus
872 1572 954 1645 erit.

185 1682 314 1768 Dixit;
343 1693 382 1756 et
398 1684 541 1756 alterna
557 1684 707 1760 fratrem
726 1689 887 1762 statione
905 1689 1089 1763 redemit:

235 1797 340 1871 Utile
358 1797 529 1872 solliciter
547 1799 651 1873 sidus
670 1815 828 1899 uterque
846 1804 928 1876 ruti.
1161 1807 1223 1874 720

217 2100 273 2148 712.
303 2099 410 2148 Premm
429 2101 490 2149 bene
511 2098 541 2147 de
562 2100 678 2159 confini03
730 2108 810 2157 tuum,
832 2099 930 2149 alternis
958 2099 1060 2148 alterum
1089 2098 1115 2147 in
1141 2097 1221 2150 inierit.

182 2174 244 2222 Met.
260 2173 292 2222 iv.
309 2174 372 2223 635:
394 2175 487 2223 lrrrrrrrun
505 2176 592 2221 vicinio
610 2176 678 2222 trullo
730 2173 830 2221 ultorum
856 2172 920 2221 coelo
944 2186 1005 2227 esse.
1028 2171 1080 2227 ulii,
1103 2180 1221 2235 utrumque

179 2249 301 2309 prmedot.
328 2246 401 2310 Apud
412 2246 511 2321 Pipdst.
522 2248 601 2307 ἠλασι
612 2252 677 2313 dup-
728 2246 798 2296 simul
809 2246 856 2296 elio
867 2246 906 2294 die
917 2246 981 2311 opud
996 2245 1095 2304 inleroe,
1105 2246 1153 2295 utto
1165 2243 1222 2310 opud

178 2318 233 2378 eloe
243 2321 272 2370 lv
283 2321 412 2383 πλευραῖσι
425 2321 532 2382 χαλκὸν.
564 2320 625 2369 Τιιιιι
642 2320 678 2369 in·
728 2335 824 2384 superos
848 2334 910 2375 esse,
933 2319 989 2368 vide
1010 2319 1177 2369 Hemsterltue.
1196 2317 1223 2367 sd

179 2393 289 2457 sequitur
314 2392 392 2447 Idem,
414 2407 429 2440 s
455 2407 510 2456 quo,
538 2391 679 2457 Apollodoro
731 2393 981 2458 LucienumDiolog.
999 2393 1120 2450 Deorum,
1135 2390 1223 2443 remit

181 2475 285 2521 auctore,
301 2464 383 2530 lapids
400 2466 434 2514 ito
451 2481 576 2530 percussus
592 2478 636 2524 out,
654 2479 679 2519 ut
729 2467 1012 2533 psg.88.rdir.uip0nt
1046 2467 1137 2517 Nostro
1146 2466 1222 2515 diebus

180 2541 301 2590 oculorum
318 2539 396 2604 caligo
411 2540 554 2589 oboriretur:
577 2543 679 2603 Βληθιίς
729 2543 826 2591 alternis
840 2543 965 2591 stationem
979 2540 1037 2590 coeli
1053 2541 1222 2605 inferorumque

180 2612 261 2677 ulrpo
270 2613 334 2662 sord
345 2617 391 2672 τῆς
402 2611 516 2677 κεφαλῆς,
527 2615 612 2665 πίπτει
623 2632 677 2666 σιω·
728 2615 826 2665 iuterse
841 2625 942 2665 mutent.
976 2615 1118 2665 Euststltius
1131 2615 1162 2664 ud
1178 2615 1221 2663 llo-

177 2687 273 2745 oodric.
311 2687 358 2735 Sed
379 2687 474 2752 Jupiter
495 2689 585 2739 Polluci
608 2706 676 2755 opem
729 2691 785 2738 meri
797 2690 887 2739 dictum
903 2691 981 2738 locum
997 2689 1105 2738 sabulum
1119 2688 1222 2738 muter

178 2761 241 2810 tulit.
284 2763 344 2820 Zetis
366 2761 385 2810 δ’
407 2762 444 2812 ἐπ’
466 2761 522 2812 'Idu
551 2764 677 2828 πυρφόρον
728 2764 759 2812 ad
775 2766 840 2813 sidus
856 2764 1021 2818 Geminorum,
1035 2764 1087 2827 qui,
1100 2762 1158 2812 dum
1172 2772 1222 2811 sunt

179 2838 261 2893 Πλᾶζι
272 2835 397 2900 ψολόεντα
406 2838 535 2901 urpuuvo'v·
553 2837 676 2888 Piudurus.
726 2839 772 2885 sub
788 2847 858 2893 terre,
872 2837 982 2885 videntur
998 2836 1083 2885 mortui
1100 2853 1160 2895 ene,
1170 2836 1221 2885 dum

178 2911 250 2976 Apud
267 2910 377 2960 eumdem
396 2911 481 2959 Pollux
500 2920 566 2975 rogat
583 2914 675 2971 Jovern,
726 2910 839 2966 oriuntur,
857 2911 947 2959 vivunt.
980 2909 1057 2959 Aliter
1081 2911 1221 2963 Mserobiut,

177 2996 205 3034 ut
219 3001 245 3035 oe
262 2984 396 3040 interficiat,
408 2985 465 3048 quia
480 2983 539 3031 nolit
556 3000 607 3034 esse
624 2986 674 3036 sine
725 2985 741 3030 i.
752 2985 846 3033 Sarum.
857 2986 904 3031 tr:
923 2983 1053 3038 “Gemiui,
1070 2984 1112 3048 qui
1130 2985 1222 3033 alternis

176 3060 241 3110 socio
249 3059 365 3108 laborum.
397 3059 491 3123 Jupiter
504 3074 576 3107 uuum
594 3060 674 3109 Pollu·
724 3058 838 3107 mortibus
848 3059 925 3107 vivere
936 3057 1075 3114 creduntur,
1084 3058 1143 3122 quid
1151 3057 1220 3110 aliud.

176 3149 229 3184 cem
250 3132 358 3198 agnoscit
378 3132 452 3180 lilium
479 3148 557 3189 suum,
579 3134 674 3183 fratrem
725 3133 769 3180 nisi
786 3134 859 3180 solem
872 3146 945 3179 uuum
960 3130 1122 3196 eumdemque
1135 3131 1219 3196 rignid-

176 3218 320 3258 notumesse
334 3206 489 3272 e'l'yudareo.
523 3206 582 3256 Tur'u
599 3210 674 3272 optio·
724 3215 788 3260 cent,
815 3205 884 3252 modo
914 3203 1099 3253 descendentem
1127 3205 1150 3253 in
1176 3207 1220 3253 ime

177 3298 230 3332 uem
242 3282 264 3332 ei
274 3282 324 3337 dat,
336 3289 413 3329 utrum
429 3282 492 3329 solus
503 3282 560 3329 velit
572 3283 595 3330 iu
612 3283 674 3331 coelo
724 3279 816 3333 rurrudi,
829 3278 898 3327 modo
908 3278 991 3326 mundi
1004 3278 1028 3326 iu
1038 3294 1156 3327 summurn
1167 3280 1217 3327 ulti·

177 3358 333 3411 habiture,su
344 3363 430 3404 sortem
439 3354 520 3418 partiri
529 3371 582 3403 eum
594 3356 673 3413 fratre,
724 3352 829 3400 tudinem
851 3360 1020 3416 resurgentem.
1057 3353 1157 3400 Alterura
1176 3364 1217 3401 tte·

176 3440 203 3480 ut
225 3427 349 3478 dimidium
372 3437 464 3491 tempus
487 3428 517 3476 sit
538 3430 583 3477 sub
605 3439 673 3487 term,
723 3431 783 3474 tione
803 3428 905 3481 resumit,
920 3424 1063 3489 impetravit,
1080 3436 1117 3482 ut,
1131 3427 1217 3491 quoties

175 3502 300 3553 dimidium
314 3499 339 3549 in
356 3501 426 3548 coelo.
460 3500 544 3549 Pollux
557 3504 673 3567 posterius
724 3499 773 3564 ipse
784 3499 814 3546 ad
826 3499 911 3547 inferos
921 3497 1094 3553 descendisset,
1105 3500 1176 3549 trater
1185 3501 1216 3546 in·

175 3577 277 3642 prefert.
309 3575 349 3622 lto
359 3573 460 3623 alterum
472 3573 534 3622 diem
548 3591 603 3623 eum
613 3577 673 3626 Jove
723 3583 788 3621 terea
797 3572 890 3621 coelesti
901 3573 987 3620 honore
998 3572 1123 3621 frueretur.
1146 3574 1216 3621 Etiam

175 3651 200 3700 iu
220 3651 332 3714 Olympo,
352 3648 452 3696 alterum
472 3649 495 3696 irr
514 3648 624 3713 sepulcro
642 3651 672 3699 sd
724 3646 808 3710 virgil,
820 3646 916 3694 AEneid·
931 3645 964 3694 vi·
977 3647 1038 3693 ¹21³
1057 3648 1108 3696 “Si
1126 3648 1213 3695 inim

174 3725 311 3790 Therapnas
321 3721 428 3784 exigunt.
450 3722 497 3770 Sed
508 3723 571 3786 apud
583 3725 671 3772 Home·
726 3720 810 3768 Pollux
822 3719 912 3767 alterna
921 3730 994 3767 morte
1003 3719 1106 3768 redemit
1113 3721 1139 3780 ;'’
1150 3736 1213 3785 quem

174 3815 235 3856 rum,
246 3796 294 3847 Od.
305 3803 333 3844 Δ.
344 3797 400 3843 302.
412 3795 495 3844 vivunt
511 3805 610 3860 uterque
626 3799 671 3845 sub
720 3796 797 3842 locum
809 3795 895 3842 Noster
906 3793 1030 3858 expressit.
1062 3795 1212 3844 Utileiotlitr'·

173 3885 245 3928 terra,
258 3871 392 3932 habentque
409 3869 453 3916 hoc
471 3886 485 3917 ιι
501 3872 571 3925 Jove,
586 3880 613 3918 ut
630 3888 671 3935 per
722 3878 749 3915 to
774 3871 836 3925 r=oti,·
864 3868 911 3914 vim
932 3867 1003 3931 hujus
1023 3867 1108 3917 sideris
1128 3867 1212 3932 egregit

173 3948 240 3995 vices
255 3942 318 3990 diem
335 3956 405 4005 supro
422 3950 506 3989 terrem
526 3941 631 4006 exigant,
648 3955 672 3992 et
720 3945 810 3992 notavit
838 3942 957 3996 Horatius,
985 3941 1008 3990 l.
1037 3943 1087 3991 od.
1114 3943 1154 3990 xii.
1176 3942 1210 3988 ii.

173 4013 478 4069 divinolrouorelruarrtur.
513 4015 551 4063 De
565 4017 671 4066 dissensu
721 4019 795 4064 Erant
815 4016 877 4064 errim
900 4016 987 4079 gemini
1007 4016 1121 4066 soluturis
1141 4015 1208 4064 nautis

172 4103 278 4141 veterum
295 4104 366 4152 super
383 4088 426 4136 hac
444 4104 477 4144 re,
497 4105 544 4153 quo
562 4090 602 4137 ulii
621 4101 669 4139 sto·
721 4092 826 4146 numina,
839 4090 1013 4155 ἀρωγοναῦται
1024 4088 1147 4156 δαίμονες.
