2806 5018
531 388 640 456 IBlS.
1043 391 1110 457 m

63 558 117 634 Et
134 583 231 634 nova
246 559 409 635 fraterno
425 561 552 636 veniet
568 561 770 636 concordia
783 560 899 648 fumo,
1059 567 1109 638 35

113 673 237 758 Quem
254 687 363 750 vetus
381 698 542 750 accensa
560 678 782 776 separatim
798 701 915 776 pyra3

60 788 114 864 Et
131 789 209 865 Ver
226 789 432 879 Autumno,
453 790 606 866 Brumae
624 793 844 867 miscebitur
860 792 1009 882 AEstas3
1104 800 1108 805 ’

112 906 244 1003 Atque
261 908 395 981 eadem
413 907 516 1004 regio
533 907 681 1006 Vesper
697 919 739 983 et
756 907 874 981 Ortus
887 918 1011 996 erunt,

60 1021 188 1108 Quam
199 1024 289 1096 mihi
304 1024 354 1096 sit
367 1034 494 1098 tecum
511 1024 658 1120 positis,
671 1048 757 1121 quae
770 1025 986 1110 sumsimus,
998 1026 1111 1100 armis

113 1137 258 1224 Gratia,
278 1137 501 1225 commissis,
521 1138 705 1236 improbe,
724 1150 836 1236 rupte
852 1139 949 1212 tuis:
1062 1144 1113 1213 40

61 1252 189 1338 Quam
205 1254 312 1327 dolor
329 1253 390 1327 hic
408 1277 576 1349 unquam
594 1255 720 1352 spatio
736 1276 961 1329 evanescere
979 1254 1110 1352 possit,

114 1366 249 1442 Leniat
264 1376 332 1442 aut
347 1369 477 1442 odium
493 1379 645 1467 tempus
662 1380 702 1442 et
719 1369 811 1442 hora
825 1369 974 1442 meum!

59 1482 147 1556 Pax
164 1483 236 1557 erit
253 1484 335 1558 haec
353 1484 475 1568 nobis,
494 1484 616 1557 donec
634 1482 727 1557 mihi
744 1484 823 1557 vita
839 1483 1022 1570 mauebit,

115 1598 214 1671 Cum
232 1623 368 1697 pecore
387 1599 533 1672 infirmo
550 1622 637 1696 quae
656 1599 752 1672 solet
768 1622 854 1673 esse
871 1598 984 1698 lupis.

60 1712 194 1787 Prima
211 1714 365 1810 quidem
384 1725 510 1812 coepto
526 1717 760 1790 committam
777 1716 907 1814 praelia
915 1739 1043 1791 versu:
1060 1718 1110 1790 45

115 1828 152 1901 N
154 1852 203 1901 ou
222 1830 368 1902 soleant
386 1830 558 1926 quamvis
576 1831 648 1905 hoc
670 1832 770 1929 pede
789 1831 890 1905 bella
905 1832 997 1927 geri.

63 1941 196 2041 thue
212 1943 311 2040 petit
326 1943 447 2041 primo
463 1945 617 2042 plenum
634 1946 809 2020 flaventis
826 1969 949 2020 arenae

116 2056 297 2132 Nondum
314 2060 464 2133 calfacti
482 2060 605 2134 velitis
624 2061 734 2134 hasta
754 2061 896 2147 solum;

64 2172 131 2245 Sic
149 2197 220 2269 ego
237 2182 276 2247 te
294 2172 391 2247 ferro
409 2173 577 2248 nondum
593 2176 790 2272 jaculabor
808 2186 931 2260 acuto,

114 2285 292 2361 Protinus
309 2288 471 2362 invisum
490 2313 560 2363 nec
579 2300 686 2388 petet
703 2290 813 2364 hasta
830 2297 958 2389 caput.
1065 2294 1114 2364 50

63 2401 118 2477 Et
135 2427 261 2501 neque
278 2427 416 2479 nornen
434 2405 472 2478 in
489 2405 573 2490 hoc,
592 2429 663 2480 nec
681 2405 805 2479 dicam
819 2406 920 2479 lacta
936 2405 1086 2496 libello;

114 2515 249 2616 Teque
266 2519 381 2608 brevi,
401 2520 465 2617 qui
485 2520 549 2606 sis,
568 2521 804 2596 dissimulare
822 2520 954 2596 sinam.

63 2633 287 2721 Postmodo,
307 2636 338 2708 si
356 2660 504 2734 perges,
524 2638 563 2710 in
580 2648 619 2712 te
635 2638 727 2712 mihi
744 2639 840 2712 liber
858 2638 1005 2711 iambus

116 2750 254 2825 Tincta
272 2750 487 2851 Lycambeo
505 2754 687 2851 sanguine
705 2756 782 2829 tela
798 2755 916 2828 dabit.

99 3092 142 3141 36.
154 3090 186 3138 Et
195 3108 261 3147 nora,
269 3091 329 3155 ete]
342 3091 408 3141 Nota
418 3092 569 3141 estlcbulosc
651 3093 690 3141 46.
702 3091 752 3142 Hoc
760 3091 838 3155 pulc]
857 3091 922 3140 Ncrn
933 3090 1116 3141 metroirmbioo

63 3163 166 3214 histoiin
175 3165 280 3213 Eteoclis
294 3175 319 3214 et
329 3165 449 3230 Polynicis
462 3166 569 3223 fratrum,
620 3164 749 3214 maledictu
760 3165 903 3214 scribuntur.

64 3248 152 3303 rogum
168 3238 193 3287 in
209 3238 269 3287 duas
286 3248 365 3303 partes
381 3239 483 3288 divisum
500 3254 567 3289 esse:
651 3241 693 3287 48.
706 3239 807 3302 Velim]
820 3237 912 3287 Velitss
922 3236 981 3286 levis
991 3245 1115 3286 armatur·

64 3309 216 3360 “Scinditur
232 3312 257 3360 in
273 3321 361 3377 partes,
371 3311 513 3378 geminoque
527 3329 568 3363 ca·

64 3384 163 3434 eumine
174 3384 249 3450 surgit
257 3386 283 3444 ;”
299 3387 390 3435 Lucan.
400 3387 485 3435 Pharo.
496 3387 538 3437 lib.
549 3387 567 3438 i.

64 3474 119 3508 ver.
134 3461 196 3508 ool:
215 3460 363 3509 “Scinditur
380 3459 405 3509 in
421 3470 501 3525 partes
517 3469 569 3510 stra

66 3531 152 3582 saville
165 3531 256 3595 dues?
274 3532 346 3583 Orid.
357 3531 429 3583 Trist.
441 3533 483 3583 lib.
494 3551 519 3584 v.
530 3534 568 3582 ΕΙ.

64 3623 93 3655 v.
106 3622 155 3655 ver.
165 3607 207 3656 ³5.

100 3680 144 3729 4³.
164 3680 477 3744 poenituerimus]
513 3681 569 3729 Non

65 3752 183 3803 dissimile
200 3754 261 3804 illud
274 3755 365 3812 Flacci,
377 3753 455 3820 Epod.
472 3754 504 3803 iv.
518 3770 567 3803 ver.

68 3826 101 3874 1:
124 3827 229 3892 “Lupis
247 3828 357 3893 stagnis
377 3837 466 3892 quauta
487 3827 568 3876 sortito

65 3900 164 3967 obtigit,
181 3901 272 3951 Tecum
294 3903 352 3951 mihi
372 3902 490 3951 discordia
509 3903 570 3951 est.”

66 3975 179 4024 Dmrr..

104 4049 146 4097 45.
165 4049 262 4113 Cepia]
281 4050 393 4117 Coeptum
406 4067 498 4100 versum
515 4050 569 4100 sim·

65 4121 164 4188 pliciter
174 4123 288 4188 intellige,
299 4140 346 4189 quo
360 4125 435 4190 coepit
448 4125 499 4173 haec
514 4126 570 4174 scri·

66 4198 128 4246 bere
139 4197 163 4244 in
174 4198 238 4255 lbin,
248 4199 293 4249 hoc
303 4209 347 4256 est,
359 4198 479 4262 Elegiaco.

619 3321 643 3362 et
654 3313 773 3378 expediti:
792 3310 846 3361 vide
855 3312 957 3361 Turneb.
967 3311 1118 3360 tlhrtdrrrs.

619 3389 661 3437 lib.
673 3390 724 3438 riv.
734 3403 790 3453 cap.
804 3388 842 3435 ll.
1101 3405 1104 3409 ·

651 3463 692 3510 5⁴.
702 3461 785 3510 Tincta
792 3460 917 3524 Lycambeo
924 3461 1043 3523 unguine,
1052 3458 1113 3522 etc.]

619 3534 684 3583 Nota
697 3533 801 3582 iambici
813 3530 963 3581 mordacitas.
1004 3530 1114 3579 Archilo-

618 3607 690 3656 chum
706 3607 808 3672 primum
827 3604 913 3653 lumbis
932 3619 1000 3653 usum
1020 3603 1115 3653 volunt:

618 3688 646 3730 ut
666 3681 752 3728 Horat.
773 3678 804 3727 de
822 3679 880 3727 Arte
896 3677 964 3727 Poct.
985 3692 1046 3727 vers.
1066 3677 1114 3727 ⁷92

619 3760 635 3782 ‘⁸
647 3752 817 3802 Archilochum
825 3748 917 3818 proprio
928 3751 1006 3800 rabies
1016 3750 1118 3800 amerit

618 3827 722 3883 inmbo‚”
730 3835 777 3876 etc.
785 3826 921 3892 Lycamben
929 3825 1001 3883 enim,
1009 3840 1117 3874 socerum

619 3916 725 3959 suumn
741 3916 789 3965 quo
805 3900 883 3950 miuus
898 3901 1047 3966 daponsato
1062 3899 1117 3948 filia

620 3976 709 4041 nuptiis
718 3975 762 4024 frui
774 3983 862 4041 posset,
874 3974 997 4023 virulentis
1008 3982 1032 4022 et
1043 3972 1117 4021 mele·

620 4049 788 4100 dicentissimis
814 4049 937 4116 poematiis
962 4048 993 4097 sd
1019 4048 1116 4110 laqueos

621 4126 710 4190 adegit.
745 4125 851 4174 Dsssrc.
