2806 5018
362 374 618 441 PASTORUM
645 377 818 442 LlB.V1.
1047 380 1112 446 337

154 585 159 622 r
175 548 329 645 quidem
348 549 483 624 fecisse
501 562 625 648 negat,
645 552 712 628 sed
730 551 829 625 sama
846 552 1006 650 recepit:

154 689 200 740 oc
217 677 288 753 est,
307 691 374 740 cur
391 668 477 741 odio
495 668 544 741 sit
559 667 627 741 tibi
646 692 753 743 serva
769 691 915 743 manus.

170 793 298 858 tamen
315 786 413 858 hanc
430 808 498 883 pro
516 785 633 883 stirpe
648 811 716 859 sua
733 787 796 885 pia
813 796 932 860 mater
949 786 1091 874 adoret,

154 924 206 974 rsa
223 925 355 998 parum
372 901 463 974 felix
480 902 560 975 visa
576 902 692 977 fuisse
711 927 858 1002 parens.
1037 906 1110 978 560

154 1016 230 1089 rius
248 1018 392 1114 prolem
410 1018 543 1091 melius
563 1019 786 1092 mandabitis
805 1018 870 1103 illi,

156 1132 254 1206 tilior
273 1133 426 1209 Baccho
445 1158 560 1231 quam
577 1135 648 1208 fuit
664 1138 746 1234 ipsa
762 1133 852 1208 suis.

155 1271 176 1321 c
191 1247 272 1336 tibi,
282 1247 367 1333 Quo
378 1273 568 1348 properas,
581 1263 786 1324 memorant
796 1250 949 1337 dixisse,
966 1249 1109 1323 Rutilii

154 1389 218 1439 uce
237 1388 320 1438 mea
339 1364 467 1438 Marso
484 1365 615 1439 consul
634 1367 681 1439 ab
699 1367 808 1441 hoste
826 1366 952 1439 cades.

154 1503 204 1552 :us
221 1481 383 1554 accessit
399 1483 543 1570 verbis;
572 1482 790 1580 flumenque
807 1481 989 1585 Tolerium
1037 1483 1109 1553 565

153 1620 312 1695 urpureo
330 1598 459 1671 mixtis
477 1599 658 1695 sauguine
675 1599 786 1672 fluxit
802 1598 924 1698 aquis.

154 1711 267 1784 rimus
284 1737 403 1786 annus
423 1727 522 1787 erat:
553 1714 765 1788 Pallantide
782 1739 904 1788 caesus
922 1714 1053 1788 eadem

157 1826 253 1900 idius
271 1827 426 1902 hostiles
445 1828 685 1923 ingeminavit
703 1854 807 1927 opes.

154 2080 293 2127 ‚Matutam
311 2095 357 2129 nou
374 2080 495 2129 invocasse
512 2096 563 2129 ma·
611 2079 912 2145 periisse‚nullusvctcmm
920 2078 1025 2128 tradidit.
1032 2078 1107 2127 Immo

154 2153 234 2208 osuis,
245 2152 287 2200 sed
301 2170 341 2218 pro
356 2169 459 2202 sororum
475 2154 562 2210 liberis,
612 2154 718 2204 Velleius
729 2154 778 2203 (1.1.
789 2169 843 2203 eum
854 2153 933 2218 potius
942 2168 996 2201 curn
1007 2152 1108 2201 Minatio

154 2243 160 2272 r
171 2226 313 2275 causamhic
324 2227 436 2283 adlatam,
449 2237 528 2277 narrat
539 2238 563 2276 et
611 2227 694 2292 Magio
702 2228 879 2276 Herculaneum
887 2225 977 2290 cepisse
986 2234 1073 2281 narrat,
1085 2235 1109 2274 et

154 2298 189 2348 ch.
201 2298 264 2348 dicto
275 2300 326 2349 loco
337 2319 360 2367 p.
371 2303 411 2349 84.
611 2302 682 2366 paulo
693 2310 754 2366 post,
759 2308 787 2349 ut
796 2299 866 2348 modo
872 2298 982 2354 vidimus,
992 2299 1107 2347 Rutilium

154 2375 237 2422 -568,
262 2375 360 2430 Eodem,
382 2391 429 2438 quo
450 2377 562 2425 Matralia
611 2385 635 2424 et
647 2377 754 2424 Catonem
769 2375 877 2422 Porcium
891 2373 1004 2429 nominat,
1015 2373 1056 2437 qui
1068 2390 1108 2438 per

154 2464 186 2495 ,no
197 2448 228 2497 U.
239 2449 268 2497 C.
280 2448 336 2496 663.
349 2449 373 2496 in
384 2449 447 2497 bello
458 2450 560 2498 Marsico
610 2449 731 2498 biennium
745 2447 882 2497 continuum
895 2448 925 2495 ab
936 2446 1042 2496 hostibus
1052 2455 1109 2501 caes'r

154 2538 181 2578 rr,
191 2531 215 2570 et
229 2537 291 2569 anno
304 2523 408 2587 proximo
423 2524 508 2572 Didius
521 2539 559 2574 oc·
611 2524 668 2573 siut.
687 2523 770 2573 Floms
780 2522 805 2570 d.
815 2522 832 2569 l.
843 2521 935 2570 dulium
947 2521 1056 2569 Curarem
1067 2537 1109 2570 no-

171 2596 297 2645 Marn'cusn
314 2597 403 2644 bellum
416 2605 451 2645 est
463 2598 560 2656 sociale,
611 2597 701 2645 minat:
729 2598 817 2646 “Nam
838 2595 888 2662 ipsc
915 2595 996 2644 Julius
1021 2594 1108 2650 Caesar,

157 2678 234 2717 ortum
262 2685 276 2717 a
304 2671 390 2718 Marsis
416 2671 563 2722 tradiderunt
613 2671 717 2720 exercitu
732 2671 911 2736 amisso,quum
925 2670 950 2717 in
963 2671 1044 2719 urbem
1055 2685 1109 2719 cru-

161 2752 185 2790 et
196 2743 293 2791 Diodor.
310 2745 409 2812 Siculus,
419 2761 563 2809 quamquam
613 2757 682 2795 entus
692 2746 824 2803 referretur,
831 2743 957 2794 miserabili
968 2745 1049 2794 funere
1060 2760 1109 2792 me·

154 2833 183 2872 rs,
199 2817 224 2864 ii.
244 2818 281 2866 16.
296 2817 373 2882 potius
390 2820 419 2866 ab
437 2819 564 2868 Asculanis
613 2821 677 2868 diam
704 2820 775 2869 etiam
797 2820 877 2869 urbem
896 2817 1001 2883 perviam
1029 2819 1110 2867 fecit.”

173 2889 259 2939 deinde
286 2907 299 2938 a
328 2892 412 2940 Marsis
437 2902 562 2956 exceptum
614 2893 728 2959 Neapolis
746 2895 817 2959 igitur
835 2910 876 2958 pro
896 2893 1015 2941 Proximus
1034 2911 1110 2941 αηηιιε

185 2965 271 3028 Itaque
292 2973 316 3013 et
338 2966 439 3014 Ovidius
460 2965 563 3014 Marsum
614 2979 664 3016 arar
675 2969 720 3033 legi
733 2969 836 3023 volebat,
848 2970 930 3015 durrus
941 2977 990 3014 erat
1003 2970 1109 3023 decimus,

154 3072 159 3094 ,
171 3037 309 3094 Marsicum,
318 3047 344 3086 ut
352 3039 471 3094 Horatius,
482 3039 504 3088 1.
515 3039 563 3088 Od.
615 3058 661 3106 quo
677 3040 775 3090 Didium
791 3049 892 3104 stragem
907 3037 1027 3103 accepisse
1040 3051 1108 3104 puta-

154 3111 238 3159 Murrus
245 3113 310 3174 uper)
318 3112 464 3177 potissimum
472 3113 562 3162 hostem
612 3114 654 3162 bat
666 3130 681 3161 a
694 3115 794 3162 Sertorio
805 3114 875 3179 juxta
889 3112 968 3160 Bastia
981 3111 1006 3158 in
1022 3112 1108 3177 Hispa·

154 3196 188 3234 at.
221 3186 331 3234 Eobello
343 3187 372 3234 P.
384 3187 501 3234 Rutilium
513 3188 562 3235 Lu·
613 3188 661 3237 nia.
687 3187 735 3237 Sed
745 3187 808 3252 apud
824 3185 976 3235 Plutarchum
988 3185 1012 3233 in
1022 3186 1109 3236 Sertor.

154 3260 430 3325 s.periisecerturaest;
449 3260 562 3317 Velleius,
615 3264 653 3311 la.
673 3262 740 3326 cujus
762 3259 900 3309 auctoritate
925 3258 1038 3324 Neapolis
1064 3259 1108 3310 hoc

155 3348 213 3381 oco:
232 3333 313 3380 “Tam
330 3333 394 3381 varia
409 3343 481 3397 atque
496 3342 562 3381 atrox
613 3335 732 3391 credebat,
755 3333 803 3382 duo
820 3332 915 3398 quidem
935 3331 987 3380 libri
1014 3330 1109 3383 Δείδιον

154 3426 159 3455 r
175 3407 253 3455 Italici
267 3407 323 3456 belli
340 3408 393 3463 suit,
404 3415 431 3454 ut
441 3423 483 3471 per
497 3407 562 3456 bien·
583 3461 587 3470 ,
613 3410 714 3469 habent,
734 3423 815 3456 verum
836 3406 880 3455 hoc
897 3421 983 3454 nomen
1003 3405 1036 3453 ibi
1057 3422 1107 3455 cor·

154 3483 291 3531 continuum
314 3481 361 3531 duo
385 3480 487 3531 Romani
509 3497 564 3530 con·
613 3490 878 3549 ruptumesseconstat.
908 3481 989 3538 Quum
997 3491 1109 3546 excerpta

154 3556 255 3613 lutilius,
264 3573 292 3605 ac
302 3556 387 3605 deinde
396 3557 457 3605 Cato
467 3556 565 3605 Porcius
615 3559 692 3606 Douz.
703 3565 729 3606 et
738 3564 838 3621 quatuor
852 3553 921 3603 codd.
934 3570 975 3619 pro
985 3569 1054 3602 eaesus
1067 3570 1108 3603 cx·

154 3631 212 3679 tibus
220 3630 563 3686 occiderentur.”Florus,lIl.
614 3631 712 3679 hibeant
730 3634 811 3685 vintru,
830 3629 969 3677 Teubnems
989 3627 1037 3691 legi
1057 3629 1110 3678 vult

156 3707 194 3752 12.
200 3704 271 3768 fusas
285 3712 377 3754 tantum
393 3705 480 3752 Rutilii
492 3709 566 3767 copias
615 3708 694 3760 uictu,
705 3712 819 3752 utsensus
829 3702 873 3750 sit:
892 3700 990 3749 Didium
1005 3701 1110 3752 effecisse

154 3786 191 3825 at.
224 3779 307 3827 Naxus
336 3794 407 3826 causa
428 3795 474 3826 non
502 3779 564 3826 male
615 3778 713 3828 victoria
731 3793 785 3833 sua,
808 3786 834 3825 ut
853 3776 930 3824 hostes
955 3775 1033 3841 copias
1055 3792 1110 3826 suas

154 3869 170 3901 ts
185 3853 306 3901 Matutam
319 3853 389 3902 deam
405 3853 496 3901 inducit
513 3854 564 3900 Ru·
615 3861 743 3917 augerent3
760 3850 844 3901 suadet
861 3851 933 3899 etiam
953 3851 1038 3899 Didius
1054 3867 1106 3899 mu·

154 3935 189 3975 ata
214 3927 388 3992 predicantem.
421 3929 460 3975 De
483 3928 564 3975 Toleno
613 3936 663 3976 tare
672 3927 696 3974 in
706 3926 801 3981 Lucius.
811 3940 896 3990 nempe
904 3924 975 3972 Cato.
992 3923 1109 3988 Equidem

154 3999 204 4048 ride
216 4000 312 4049 Cluver.
323 4000 379 4048 Ital.
392 4000 450 4048 Ant.
462 4001 488 4048 ii.
503 4001 540 4048 10.
613 4002 710 4050 arbitror
723 3999 837 4050 Ovidium
853 3999 945 4063 lapsum
963 4013 1013 4046 esse
1029 3998 1054 4045 in
1067 4015 1106 4046 no·

154 4073 244 4122 ‚Titus
260 4075 344 4123 Didius
359 4091 419 4122 unus
434 4092 463 4122 ex
480 4086 564 4138 puoto·
614 4076 685 4125 mine.
721 4075 854 4123 Pallantide
867 4078 950 4128 eadem,
966 4082 991 4120 ut
1007 4073 1037 4120 iv.
1052 4073 1108 4119 373.

154 4147 241 4196 rabello
251 4149 364 4205 Marsico,
377 4157 402 4196 ut
412 4165 441 4197 cx
453 4149 564 4214 Appiano
617 4150 709 4199 Postero
720 4150 859 4197 Pallantias.

154 4230 174 4280 t,
191 4221 233 4269 sed
246 4221 354 4270 eumdem
369 4223 394 4270 in
409 4222 491 4270 eodem
502 4222 564 4270 bello

154 4296 181 4342 L.
198 4295 230 4343 V.
711 4296 733 4342 Χ
745 4312 758 4341 x
