2806 5018
300 343 365 408 148
594 336 818 404 P.0V1DII
843 335 1055 403 NASONIS

304 517 407 588 Inter
424 512 594 610 captivas
612 512 708 586 sacia
725 521 930 610 praestante
947 509 1094 608 puellas

356 630 474 702 Grata
492 627 602 700 nimis
621 626 777 700 Baccho
794 625 872 698 filia
888 625 987 721 regis
1005 634 1098 699 erat.

306 743 440 819 Flebat
457 767 587 818 amans
604 744 761 840 conjux,
779 741 1019 840 spatiataque
1036 739 1145 814 litore
1162 763 1280 815 curvo

356 860 487 934 Edidit
504 859 655 933 incultis
672 857 763 932 talia
779 859 895 933 verba
911 857 1050 931 comis:
1280 859 1350 929 470

307 975 366 1049 En
384 977 519 1050 iterum
538 975 693 1060 similes,
712 973 863 1061 fluctuS,
883 972 1011 1047 audite
1028 971 1229 1067 querelas:

356 1089 414 1163 En
432 1090 567 1162 iterum
584 1090 773 1186 lacrymas
792 1088 936 1184 accipe,
955 1110 1081 1172 arena,
1100 1109 1220 1160 meas.

307 1204 504 1292 Dicebam,
524 1203 691 1291 memini,
711 1205 862 1301 perjure
880 1214 919 1277 et
935 1201 1079 1300 perfide
1096 1200 1272 1276 Theseu!

356 1321 426 1395 llle
444 1320 557 1395 abiit:
586 1320 721 1394 eadem
739 1320 896 1392 crimina
914 1318 1092 1392 Bacchus
1110 1317 1241 1391 habet.

306 1435 419 1510 Nunc
437 1460 591 1534 quoque
609 1437 711 1510 nulla
728 1436 819 1522 viro,
838 1435 1023 1518 clamabo,
1042 1431 1184 1508 semina
1195 1430 1337 1506 credat.

358 1551 520 1624 Nomine
539 1561 684 1624 mutato
701 1574 818 1624 causa
836 1551 955 1624 relata
970 1572 1056 1624 mea
1072 1560 1146 1623 est.
1280 1549 1349 1621 476

309 1666 342 1737 Ο
362 1665 506 1738 utinam
525 1688 610 1737 mea
627 1689 719 1751 sors,
739 1688 817 1761 qua
834 1665 995 1763 primum
1013 1673 1193 1761 coeperat,
1208 1662 1320 1736 isset!

356 1778 520 1876 Jamque
538 1803 608 1874 ego
627 1780 803 1877 praesenti
821 1790 990 1878 tempore
1007 1778 1111 1852 nulla
1125 1775 1271 1857 foreml

307 1894 409 1979 Quid
427 1920 488 1968 me
506 1895 666 1969 desertis
684 1895 900 1993 perituram,
921 1893 1046 1980 Liber,
1064 1892 1189 1968 aronis

358 2010 571 2084 Servabasl
597 2013 704 2109 potui
719 2008 935 2084 dedoluisse
952 2008 1084 2084 semel.
1281 2009 1354 2080 480

308 2124 460 2201 Bacche
476 2126 581 2213 levis,
597 2126 789 2222 leviorque
800 2126 889 2213 tuis,
902 2149 988 2221 quae
1001 2135 1173 2222 tempora
1184 2122 1353 2218 cingunt,

358 2240 591 2329 Frondibus3
621 2243 658 2313 in
681 2243 867 2342 lacrymas
885 2240 1035 2338 cognite
1055 2237 1210 2312 Bacche
1228 2260 1352 2322 meas;

307 2355 434 2429 Ausus
452 2380 493 2428 es
512 2365 601 2428 ante
619 2357 748 2429 oculos
767 2356 932 2430 adducta
949 2353 1084 2452 pellice
1098 2361 1250 2427 nostros

358 2469 452 2543 Tam
471 2470 567 2544 bene
585 2472 835 2567 compositum
853 2469 1056 2544 sollicitare
1073 2467 1227 2541 toruml

205 2635 208 2639 ,
308 2581 415 2657 Heu!
435 2585 498 2657 ubi
513 2595 626 2681 pacta
638 2585 754 2659 fides?
773 2587 837 2659 ubi
850 2610 935 2682 quae
945 2587 1072 2682 jurare
1086 2581 1264 2657 solebas?
1281 2583 1355 2654 485

358 2697 426 2773 Me
444 2701 630 2789 miseram,
650 2702 800 2798 quoties
817 2703 898 2776 haec
917 2725 988 2797 ego
1005 2700 1119 2775 verba
1135 2697 1293 2796 loquor!

340 2902 397 2950 470.
415 2901 514 2950 incultis
529 2902 620 2966 nomia]
635 2903 717 2952 Talem
733 2903 806 2952 etiam
855 2902 947 2967 paratio
957 2917 1011 2950 cum
1021 2897 1264 2965 frondibusbedem.
1295 2897 1357 2947 Bae·

306 2983 360 3043 post
379 2976 466 3025 Thesei
493 2976 661 3042 prosectionem
682 2976 808 3042 descripsit
856 2970 1354 3037 chusssssosdpmssssoocripnwmw·

306 3048 351 3114 Ep.
367 3051 398 3099 X.
416 3050 464 3098 xvi.
481 3051 512 3097 47
523 3068 530 3108 ;
546 3050 587 3099 ubi
606 3057 623 3079 “
636 3049 728 3098 diffusis
746 3059 808 3099 errat
856 3057 906 3097 tora
920 3048 999 3097 Plinio
1007 3047 1072 3095 llist.
1081 3047 1142 3096 Nat.
1152 3045 1202 3094 xvi.
1211 3046 1236 3094 4.
1249 3044 1355 3095 omnim

306 3123 356 3172 sola
372 3123 487 3189 capillis''
503 3125 527 3172 in
543 3118 625 3174 litore.‘
645 3125 709 3172 Vero
726 3132 806 3172 autem
856 3123 945 3186 primus
955 3137 1064 3171 coronam
1077 3119 1171 3176 sumsit,
1182 3119 1355 3185 etquidem!

306 3211 390 3261 pamm
406 3197 484 3246 simile
497 3205 533 3245 est
547 3213 599 3246 cam
615 3196 730 3262 quamdiu
744 3198 807 3245 Bac·
857 3196 953 3245 beders.
987 3198 1104 3244 Adducta.
1128 3193 1356 3244 umectum

306 3268 366 3317 chus
387 3269 411 3318 in
431 3269 502 3318 India
520 3280 590 3327 esset,
612 3271 637 3318 in
659 3270 737 3319 insula
759 3269 807 3318 Dia
857 3269 919 3318 Saue
946 3272 1064 3324 deducere,
1088 3277 1115 3316 ut
1140 3269 1276 3329 pordacan.
1295 3277 1356 3330 sepa

307 3343 429 3391 mansisse.
462 3344 520 3390 Sola
534 3359 606 3407 quum
624 3352 694 3399 esset,
711 3351 736 3391 et
752 3359 806 3407 gra·
857 3343 918 3407 turpi
935 3358 1004 3391 sensu
1022 3342 1117 3406 legitur.
1150 3341 1198 3389 Sed
1212 3349 1280 3391 recte
1297 3341 1356 3391 Bar-

306 3414 401 3462 sissima
412 3425 539 3471 commota,
551 3417 709 3479 benestuctus
719 3427 743 3465 et
754 3434 806 3466 nra·
856 3431 958 3465 manuus
970 3416 1001 3465 ad
1016 3416 1112 3465 Heroid.
1123 3418 1158 3464 ix.
1171 3418 1228 3464 121.
1239 3417 1284 3465 ubi
1295 3417 1356 3466 iden

308 3506 360 3536 nom
371 3488 510 3551 alloquitur.
857 3492 904 3540 lere
913 3506 992 3540 versus
1001 3491 1111 3547 occurrit,
1120 3490 1275 3546 docuinam
1286 3492 1358 3539 ocula

340 3562 396 3608 475.
408 3561 478 3609 Nunc
489 3579 580 3626 quoque,
590 3562 650 3625 eto]
660 3563 805 3612 Sententiam
856 3568 967 3612 deducere
977 3580 1024 3612 non
1035 3565 1095 3613 bene
1109 3563 1166 3621 dici,
1177 3567 1296 3614 adduam
1305 3580 1359 3614 vam

308 3632 370 3681 hanc
387 3648 402 3679 a
419 3633 611 3701 Catullo,Nupt.
629 3635 694 3683 Pelei
712 3637 806 3686 uberius
856 3637 939 3684 εοάειη
967 3653 1036 3685 sensu
1058 3637 1116 3701 legi,
1132 3648 1157 3686 et
1174 3638 1265 3702 passim
1287 3639 1358 3688 verba

306 3723 359 3756 esse
377 3708 516 3773 expositam,
533 3710 648 3774 Neapolis
665 3712 805 3759 observavit.
855 3719 911 3758 nats
924 3712 999 3758 accim
1013 3709 1127 3774 adjuncta
1144 3711 1243 3761 labere.
1277 3711 1359 3771 Qnidl

308 3781 723 3846 Relntnvelnarratn,velrapetitn.
748 3784 805 3833 Pos·
856 3783 919 3847 quod
937 3783 1002 3831 notio
1016 3783 1058 3831 illa
1075 3785 1187 3833 obscena
1200 3784 1227 3833 in
1244 3784 1292 3834 boc
1306 3786 1360 3835 hoo

306 3853 391 3904 teriora
418 3872 488 3905 sensu
512 3857 564 3921 jam
588 3871 659 3920 supra
680 3856 805 3921 aliquoties
857 3857 1039 3912 noncadit‚sed
1054 3860 1167 3906 adducere
1182 3858 1208 3907 id
1222 3858 1291 3924 quod
1303 3860 1360 3909 nin·

306 3927 416 3993 legimus.
456 3930 577 3985 Dedolere,
600 3929 666 3979 finire
692 3930 806 3990 dolorem,
856 3929 911 3994 pler
939 3934 1030 3979 ducere.
1074 3932 1234 3994 compositura,
1262 3948 1361 3983 concon

307 4017 392 4064 nempe
403 4007 487 4049 morte.
857 4004 1001 4069 conjugium.

339 4073 396 4120 481.
415 4074 489 4130 Leuis,
511 4073 645 4123 inconstans
667 4077 691 4125 in
717 4093 803 4127 amore.
887 4081 944 4127 486.
956 4079 1067 4143 Loquor]
1082 4081 1150 4128 Unus
1158 4080 1247 4131 Patav.
1258 4098 1360 4146 quercu

305 4146 801 4212 Talisetmobilisdicipotest5hinccom·
854 4152 909 4201 hinc
932 4154 1044 4202 Heinsius
1066 4171 1118 4202 vern
1141 4154 1255 4204 velum
1279 4174 1361 4222 qum
