2806 5018
369 357 629 423 PASTORUM
652 357 744 423 LIB.
758 358 823 424 VI.
1053 360 1117 425 321

60 526 147 602 Nec
165 539 207 600 tu
230 529 331 601 aliud
349 529 519 615 Vestam,
538 554 652 644 quam
670 532 790 604 vivam
814 530 983 626 intellige
1006 533 1112 605 flam.-

114 644 290 741 Nataque
307 644 357 718 de
371 645 523 719 flamma
539 669 695 743 corpora
706 647 810 720 nulla
823 645 942 719 vides.
972 649 1107 741 [mamz

57 757 85 831 J
87 783 154 833 nre
171 760 284 855 igitur
300 760 403 855 virgo
420 770 491 845 est,
511 784 598 857 quae
616 763 761 835 semina
777 763 881 835 nulla
898 762 1068 849 remittit,

115 874 197 948 Nec
216 876 338 972 capit3
366 888 407 949 et
423 878 580 951 comites
597 877 820 973 virginitatis
838 879 965 952 habet.

63 989 161 1064 Esse
179 991 245 1063 diu
264 991 403 1065 stultus
421 991 548 1064 Vestae
567 992 767 1066 simulacra
784 991 933 1090 putavi:
1036 997 1115 1067 295·

114 1104 208 1178 Mox
226 1104 341 1178 didici
358 1129 472 1183 curvo
490 1107 591 1180 nulla
608 1107 764 1180 subesse
782 1108 897 1181 tholo.

61 1220 168 1317 Ignis
187 1221 437 1293 inexstinctus
455 1222 596 1319 templo
613 1223 758 1295 celatur
775 1223 813 1294 in
831 1223 916 1295 illo:

87 1369 88 1373 ¹
113 1334 287 1431 Effigiem
306 1335 449 1414 nullam
465 1335 594 1421 Vesta,
614 1360 684 1410 nec
703 1337 812 1432 ignis,
832 1338 987 1410 habent.

56 1449 149 1543 ‚stat
165 1449 200 1521 vi
217 1461 316 1522 terra
333 1473 421 1538 sua;
444 1448 479 1520 vi
497 1451 631 1523 stando
649 1450 766 1525 Vesta
782 1464 954 1538 vocatur3

114 1565 318 1662 Causaque
336 1589 402 1662 par
421 1565 525 1639 Graii
544 1567 703 1639 nominis
722 1575 962 1664 esse'potest.
1036 1572 1110 1640 300

61 1679 116 1754 At
131 1680 237 1753 focus
255 1703 278 1752 a
295 1681 468 1767 flammis,
487 1692 537 1767 et,
557 1682 659 1778 quod
677 1681 777 1755 fovet
794 1684 932 1770 omnia,
951 1684 1097 1770 dictus;

113 1793 188 1878 Qui
205 1804 333 1869 tamen
350 1795 389 1867 in
407 1796 535 1892 primis
554 1796 698 1869 aedibus
718 1808 804 1870 ante
822 1795 904 1870 fuit.

62 1907 164 1983 Hinc
182 1934 335 2007 quoque
352 1912 577 1985 vestibulum
595 1911 670 1984 dici
689 1936 790 1986 reor:
814 1912 903 1986 inde
921 1914 1110 2010 precando

111 2023 296 2097 Adsamur
313 2025 490 2114 Vestam3
521 2026 615 2110 Quae
633 2028 716 2101 loca
733 2028 853 2125 prima
869 2039 989 2102 tenes.

60 2137 161 2212 Ante
177 2139 281 2213 locos
299 2140 389 2212 olim
407 2141 528 2236 longis
545 2143 741 2215 considere
759 2143 922 2232 scamnis
1032 2146 1106 2216 305

112 2251 199 2326 Mos
217 2265 317 2341 erat;
347 2266 386 2328 et
403 2279 543 2328 mensae
560 2257 714 2331 credere
732 2257 866 2331 adesse
883 2257 988 2330 deos.

91 2489 152 2537 ²91.
171 2487 241 2536 Hanc
259 2487 356 2536 alteram
375 2503 470 2537 causam
486 2491 558 2539 etiam
608 2490 672 2538 locos
692 2489 822 2554 pertinet.”
856 2489 926 2538 Conf.
948 2488 1012 2537 idem
1032 2489 1107 2553 legg.

59 2560 209 2616 Lactantius,
220 2560 279 2609 Inst.
290 2561 311 2608 l.
321 2560 362 2608 xii.
373 2565 397 2610 ⁵.
408 2577 437 2610 er
452 2562 496 2609 hoc
507 2562 559 2611 loco
608 2563 680 2611 itin.
704 2563 779 2611 Caura
790 2564 861 2611 Graii
871 2565 976 2618 nonanis,
985 2572 1011 2611 nt
1020 2561 1108 2612 'unta

58 2637 151 2686 adlert:
178 2636 270 2692 “Quia
290 2635 351 2698 ignis
371 2635 508 2684 inviolabile
528 2636 560 2684 sit
608 2636 674 2685 dicta
688 2637 720 2684 ait
737 2638 767 2685 ab
783 2636 893 2692 ἑστάναι,
910 2637 924 2685 t
941 2636 1012 2686 ἐστίν
1027 2637 1055 2687 lv
1070 2637 1120 2687 tvi.

58 2709 212 2762 elementum.
228 2708 335 2773 nihilque
355 2711 420 2758 nuci
439 2709 512 2774 possit
529 2725 558 2758 ex
608 2710 678 2775 τόπῳ
687 2709 808 2774 ἱδρύσθαι·
843 2713 875 2759 Et
885 2710 919 2758 sic
929 2710 1107 2760 saneacbolisa·

56 2800 93 2841 eo,
105 2782 197 2849 qnippe
208 2785 249 2847 qui
259 2783 346 2839 omnia,
357 2799 410 2847 quae
425 2783 558 2848 arripuerit,
608 2784 758 2848 tequidem.
793 2783 952 2848 (lucrifera,
970 2783 995 2831 id
1011 2799 1108 2849 quoque

58 2857 196 2907 absumat.”
608 2859 724 2922 ineptum.
758 2858 848 2906 Prinas
863 2860 919 2906 eder
935 2858 1052 2906 Krebsius
1069 2857 1106 2906 in·

89 2933 150 2981 395.
166 2931 196 2979 In
212 2929 300 2996 templo
315 2931 406 2980 nullum
418 2932 497 2980 Veste
511 2931 559 2996 aig·
610 2931 703 2980 tellerit
731 2930 822 2979 aditum
847 2929 939 2994 templi.
972 2930 1049 2978 Immo
1076 2930 1107 2978 de

58 3020 118 3054 nnrn
129 3015 189 3061 erat,
199 3013 276 3053 utnec
286 3004 350 3066 apud
361 3004 468 3061 Grecos,
480 3006 559 3068 (Pau-
609 3006 700 3054 adibus
709 3005 819 3053 humanis
829 3004 1049 3067 cogita,earumque
1056 3018 1107 3052 vea-

55 3078 266 3135 animemed.
281 3094 334 3142 cap.
349 3081 403 3138 ³6.)
419 3079 483 3143 quod
500 3077 558 3127 Ovi·
609 3080 700 3129 tibulo:
719 3079 773 3127 vide
784 3077 815 3126 ad
824 3078 905 3126 slat.
938 3077 1106 3126 GraciVeatar

55 3154 113 3203 dina
132 3152 212 3201 adbuc
230 3152 363 3217 ignorabat,
380 3169 453 3217 quum
469 3153 503 3200 iii.
519 3154 558 3202 45.
609 3153 689 3218 prime
711 3167 778 3199 sacra
796 3151 926 3205 faciebant,
947 3149 1012 3212 prius
1034 3149 1107 3197 etiarn

55 3227 181 3276 scriberet.
213 3226 260 3274 Sed
270 3235 338 3274 extra
346 3226 460 3290 templum
469 3226 558 3290 effigies
609 3224 766 3289 querulosi,
783 3223 837 3271 vide
856 3223 959 3287 lipsium
979 3222 1009 3270 de
1024 3223 1108 3278 Veste,

56 3298 111 3364 ejna
121 3299 186 3347 nris
197 3298 372 3364 exprimebatur
379 3317 387 3357 ;
404 3298 453 3347 vid.
465 3299 558 3364 Lipsius
607 3314 661 3363 cap.
671 3300 695 3346 2.
704 3297 743 3345 cui
755 3296 856 3345 Ovidius
870 3311 965 3359 quoqne
980 3294 1017 3342 bis
1029 3292 1106 3341 verbis

55 3372 89 3422 de
100 3374 185 3428 Vesta,
195 3375 283 3436 capd-
607 3389 634 3420 eo
651 3372 766 3420 adlusisse
781 3369 879 3425 videtur,
894 3383 1038 3432 quamquam
1055 3368 1106 3431 ipse

88 3448 148 3496 299.
166 3447 283 3495 Arnobius
301 3446 355 3495 adv.
366 3447 464 3503 Gentes,
480 3447 514 3496 iii.
531 3463 557 3511 p.
608 3445 639 3493 ad
651 3444 793 3494 vestibulum
807 3443 921 3492 retulerit.
954 3443 1034 3506 Vulgo
1047 3441 1107 3505 legi-

58 3521 121 3569 1192
140 3519 263 3569 “Terram
278 3519 385 3568 nonnulli
396 3520 495 3568 Vestam
508 3535 558 3569 esse
608 3532 660 3569 tur:
679 3522 732 3567 inde
741 3520 854 3578 precando
867 3518 1002 3572 Dictorum
1016 3517 1090 3565 Veste.

54 3593 220 3658 pronuntiant,
230 3592 294 3657 quod
305 3591 330 3640 in
340 3591 429 3641 mundo
441 3601 488 3641 stet
499 3593 557 3648 sola,
641 3595 697 3642 ³05.
708 3591 786 3640 Etiam
797 3591 919 3654 Virgilius,
928 3591 984 3638 AEn.
992 3588 1033 3637 vii.
1045 3590 1104 3638 176:

55 3665 152 3715 ceteris
176 3666 228 3731 ejus
252 3663 359 3731 pertibus
379 3666 512 3716 mobilitate
534 3667 558 3714 in
609 3667 767 3732 “Perpetuis
791 3665 853 3714 soliti
880 3676 958 3729 patres
984 3664 1106 3714 considere

54 3746 172 3805 perpetuo
188 3740 346 3789 constitutis.”
378 3741 417 3788 Sic
428 3740 479 3804 jam
491 3741 560 3789 Plato
609 3739 775 3797 mensis,”ubi
790 3737 844 3786 vide
861 3737 976 3787 Servium.
1010 3738 1048 3786 De
1062 3737 1107 3784 Vn-

54 3812 81 3861 in
104 3811 221 3861 Phaedon.
255 3812 330 3863 Mtvn
350 3816 394 3878 μὲν
417 3813 505 3864 Ἐστία
531 3814 559 3863 lv
609 3834 679 3872 esna,
689 3815 735 3864 dea
745 3813 787 3862 otii
798 3821 822 3861 et
833 3812 978 3868 vacantium,
990 3812 1044 3860 ride
1055 3813 1105 3860 llo-

56 3887 192 3952 θεῦνὸίεῳ
209 3889 283 3953 μόνη.
317 3889 364 3937 Sed
382 3890 442 3938 mira
457 3889 558 3938 estbaec
609 3889 661 3938 ratii
680 3889 782 3953 interpp.
799 3886 830 3934 nd
851 3887 872 3933 l.
889 3887 933 3951 Ep.
951 3903 976 3934 x.
994 3887 1035 3934 ⁴9.
1071 3886 1106 3933 De

58 3960 141 4009 Ovidii
162 3963 321 4026 etymologia,
354 3963 438 4012 melius
463 3963 558 4020 Cicero,
608 3981 667 4012 more
680 3972 774 4020 octono,
785 3961 837 4010 scil.
848 3959 987 4010 considendi
1002 3967 1057 4006 ante
1070 3959 1105 4006 lo·

58 4033 117 4083 Nat.
129 4035 203 4084 Deos.
217 4035 297 4085 iter:
316 4039 424 4086 “Veste
441 4053 526 4086 nornen
543 4053 559 4085 a
608 4053 655 4086 coa.
689 4037 752 4085 llinc
767 4036 815 4085 cibi
826 4034 980 4083 mittebantur
994 4032 1070 4086 Veste,
1082 4030 1106 4078 in

60 4108 151 4158 Grecis
162 4117 199 4158 est
204 4128 212 4170 ;
225 4125 254 4159 ea
264 4119 301 4159 est
311 4127 365 4176 quie
374 4112 404 4160 ab
415 4111 463 4160 illia
473 4109 558 4161 ‘Rosia
608 4111 687 4159 locum
698 4109 829 4159 Vestalem.
848 4109 913 4164 Fert,
923 4106 1036 4154 continet
1055 4104 1105 4150 Pu·

59 4181 152 4232 dicitnr.
187 4182 232 4232 Vis
250 4193 329 4234 autern
348 4186 400 4250 ejus
415 4186 446 4233 ad
466 4200 519 4233 aras
534 4194 559 4233 et
609 4200 658 4230 rom
666 4181 780 4246 Neapolis
791 4176 1107 4244 nuncexplimndetersnm,

90 4256 169 4307 VOL.
183 4257 215 4305 V.
704 4255 746 4301 Tt
