2806 5018
191 340 257 405 470
487 336 526 400 P.
551 334 713 402 OVIDII
736 335 950 402 NASONIS

192 510 307 596 Quid,
327 510 358 583 si
377 533 450 582 non
468 520 577 607 aptas
596 511 714 584 solem
732 509 965 606 fugientibus
985 510 1159 594 umbras,

240 626 414 700 Finditur
432 625 552 700 Icario
570 650 687 723 quum
706 651 801 702 cane
819 637 930 712 terra,
950 626 1120 700 darem?

178 741 305 827 Quid,
325 739 397 814 nisi
416 742 620 838 suffugium
639 742 786 815 nimbos
802 742 1013 816 vitantibus
1032 764 1173 825 essem,

240 858 327 931 Non
345 869 567 956 exspectata
585 882 703 955 quum
721 859 824 933 venit
841 858 965 932 imber
982 856 1118 955 aqua?
1176 859 1232 927 120

188 972 455 1070 Omniaquum
466 972 740 1070 faciam‚quum
756 985 931 1072 praestem
944 974 1087 1046 sedula
1097 969 1229 1045 cunctis

239 1088 429 1175 Officium,
449 1090 551 1162 saxis
570 1090 737 1162 officiosa
754 1101 872 1188 petor.

186 1203 280 1279 Haec
299 1205 391 1278 mihi
410 1230 612 1304 perpessae,
632 1205 773 1282 domini
792 1205 974 1304 patienda
992 1205 1154 1300 querela
1168 1214 1228 1277 est.

237 1329 363 1402 Causa
380 1329 534 1413 habeor,
551 1353 668 1425 quare
687 1329 735 1401 sit
752 1327 944 1426 lapidosus
964 1351 1073 1422 ager.
1172 1331 1229 1400 124

187 1442 365 1540 Dumque
383 1454 560 1543 repurgat
570 1446 739 1530 humum,
752 1446 990 1540 collectaque
1002 1467 1102 1517 saxa
1114 1444 1229 1519 remit·

238 1566 396 1664 Semper
410 1568 553 1640 habent
570 1569 608 1640 in
626 1592 687 1641 me
706 1569 783 1641 tela
801 1578 931 1665 parata
948 1567 1035 1639 viae.
1164 1566 1229 1663 [tin

187 1679 288 1777 Ergo
307 1681 427 1755 invisa
444 1682 537 1768 aliis
557 1683 621 1755 uni
639 1683 731 1755 mihi
749 1682 885 1780 frigora
902 1691 1088 1779 prosunt:

237 1795 307 1871 Illo
325 1823 385 1872 me
403 1808 523 1871 tutam
542 1807 711 1896 tempore
731 1807 885 1896 praestat
901 1796 1041 1869 hiems,
1115 1798 1229 1892 [esse3

185 1911 300 1986 Nuda
325 1914 479 2011 quidem
505 1925 594 1987 tunc
623 1939 728 2001 sum;
760 1912 899 1986 nudam
922 1922 1057 1985 tamen
1084 1910 1230 2010 expedit

235 2027 318 2102 Nec
337 2031 498 2128 spolium
516 2030 564 2104 de
582 2055 654 2116 me,
675 2030 778 2126 quod
802 2039 918 2128 petat,
939 2027 1064 2100 hostis
1083 2027 1206 2100 habet.

182 2143 236 2217 At
252 2145 362 2218 simul
381 2146 570 2219 induimus
588 2146 725 2219 nostris
744 2170 812 2218 sua
830 2167 987 2217 munera
1004 2143 1137 2228 ramis,
1168 2144 1224 2214 131

235 2261 338 2335 Saxa
354 2287 469 2336 novos
487 2261 629 2335 fructus
648 2262 829 2358 grandine
848 2262 956 2358 plura
973 2270 1128 2357 petunt.

182 2373 354 2450 Forsitan
372 2378 433 2450 hic
452 2378 588 2474 aliquis
607 2378 728 2451 dicat:
754 2401 839 2474 quae
858 2376 1016 2473 publica
1033 2384 1202 2471 tangunt,

233 2490 400 2590 Carpere
416 2516 638 2565 concessum
658 2504 736 2568 est:
766 2494 837 2566 hoc
854 2492 914 2564 via
927 2490 1027 2588 juris
1047 2492 1175 2564 habet.

217 2707 350 2756 1128on
362 2710 506 2771 uitantibus]
526 2710 582 2757 Non
593 2710 678 2766 solum,
729 2712 792 2757 Saxa
813 2708 865 2757 scit.
887 2723 940 2772 quae
960 2705 1076 2754 dominus
1099 2707 1158 2771 agri,
1176 2704 1222 2751 dnn

180 2781 266 2846 inquit,
285 2783 406 2831 fructifera
427 2792 450 2830 et
469 2783 580 2843 innoxia;
599 2800 678 2831 verum
729 2792 848 2847 repurgat,
862 2781 960 2829 inviam
973 2780 1088 2828 remittit.

180 2855 252 2904 etiam
267 2856 320 2905 aliis
336 2857 412 2905 modis
427 2858 552 2904 commoda
567 2874 617 2905 sum
629 2859 677 2905 via·
764 2859 818 2905 131.
838 2856 885 2902 Sua
904 2871 1022 2913 munera5
1040 2854 1121 2902 idest
1138 2853 1223 2901 fructus⁴

181 2931 224 2977 tori
234 2931 357 2979 :videlicet
368 2933 411 2979 sub
420 2933 526 2978 umbram
536 2948 612 2979 meam
622 2948 678 2979 con·
728 2931 766 2977 M.

180 3002 248 3065 sugit,
261 3020 333 3068 quum
351 3021 396 3052 non
414 3005 497 3052 tolerat
514 3013 596 3052 aestum
615 3005 677 3061 solis,
764 3004 817 3050 132.
828 3003 949 3050 Grandine
958 3001 1054 3063 plura]
1076 3000 1221 3066 Hyperbolioe

178 3087 220 3124 aut
230 3093 301 3141 quum
310 3081 353 3126 sub
364 3078 404 3125 din
416 3078 493 3126 subito
503 3080 585 3126 oborta
596 3078 676 3143 pluvia
727 3077 785 3125 dicit
795 3096 800 3131 ;
818 3077 882 3140 quod
891 3076 969 3123 Greci
983 3075 1143 3138 χαλαζηὸὸν.

178 3151 310 3213 occupavit.
327 3153 425 3199 Enasir.
762 3153 814 3198 133.
840 3150 946 3197 Forsitan
969 3150 1007 3197 iric
1035 3151 1123 3212 aliquus
1147 3143 1217 3206 dicat]

215 3224 267 3270 118.
290 3225 401 3272 Finditur
422 3224 497 3272 Icario
524 3243 593 3286 quum
620 3242 675 3272 cane
725 3224 794 3282 Quod
812 3222 856 3271 sibi
874 3221 945 3286 objici
961 3223 1219 3285 possencnnfutatex·

179 3299 314 3360 terrente]
327 3299 409 3354 Sirius,
419 3299 467 3347 sive
479 3298 603 3362 προκύων,
611 3299 673 3362 quod
723 3296 815 3360 emplis.
832 3298 892 3352 Qun·
901 3295 1048 3358 cujusquam
1057 3295 1162 3344 civitatis
1168 3295 1216 3359 pub·

176 3368 242 3416 sitin
254 3371 331 3435 capite
342 3373 425 3428 stellae,
437 3389 490 3436 qum
506 3376 567 3421 canis
580 3373 674 3421 dicitur.
724 3371 770 3418 lica
788 3380 851 3424 sunt.
867 3370 987 3417 communi
1011 3370 1131 3426 omnium,
1144 3369 1180 3434 qui
1193 3383 1216 3413 ex

176 3442 283 3492 Produnt
302 3446 364 3493 hunc
386 3447 457 3495 fuisse
475 3449 583 3494 comitem
603 3447 673 3503 Icari,
723 3444 807 3491 eadem
824 3454 879 3490 sunt
895 3442 1003 3497 civitate,
1015 3442 1071 3490 usui
1088 3442 1217 3492 deserviunt

177 3518 218 3579 qui
235 3517 323 3566 domini
341 3536 424 3585 corpus
439 3520 549 3568 exstincti
564 3520 672 3584 prodide-
725 3518 781 3565 Nux
799 3517 870 3581 igitur
888 3516 912 3563 in
930 3515 1031 3580 publica
1046 3517 1087 3565 via
1105 3518 1149 3565 sita
1165 3530 1216 3562 eon·

176 3590 221 3648 rit;
243 3593 306 3654 quod
328 3593 373 3656 ipsi
393 3595 495 3641 officium
516 3594 593 3641 locuni
614 3594 674 3641 inter
724 3592 802 3639 munis
813 3600 858 3646 est,
871 3606 898 3638 ex
908 3605 955 3654 qua
967 3605 1053 3638 omnes
1064 3592 1118 3656 ejus
1128 3587 1217 3638 cirinus

176 3662 253 3710 sidera
264 3668 357 3713 meruit.
374 3670 473 3715 Enisa.
724 3666 830 3712 homines
841 3665 931 3712 fructus
941 3678 1028 3726 capere
1045 3675 1155 3728 possunt.
1179 3664 1216 3710 fo

211 3738 264 3783 124.
283 3739 357 3786 Carasa
377 3742 477 3802 habeon]
496 3740 584 3788 Tibull.
596 3741 638 3787 lib.
651 3741 672 3787 I.
723 3739 776 3786 dem
794 3754 863 3786 sensu
879 3746 934 3785 sunt
948 3737 992 3784 iiln
1003 3738 1130 3787 Ciceronis
1143 3738 1196 3785 libro
1204 3735 1217 3781 1.

176 3807 244 3871 Eleg.
257 3809 291 3856 iii.
308 3813 350 3858 17:
370 3820 386 3839 ‘¹
399 3814 449 3859 Aut
464 3829 508 3874 ego
523 3830 573 3859 sum
592 3830 671 3860 crtum-
723 3813 752 3861 de
765 3814 857 3861 offic.“
871 3811 958 3866 Multa,
969 3815 1059 3875 inquit,
1072 3822 1129 3860 sunt
1137 3813 1217 3859 civibus

175 3892 219 3937 tus,
231 3897 285 3930 aves
295 3883 354 3931 dant
365 3886 443 3931 omina
453 3885 513 3940 dira,
524 3887 618 3933 Saturni
631 3895 671 3933 aut
722 3886 783 3933 inter
793 3902 818 3933 se
829 3886 979 3933 communia:
999 3885 1089 3942 forum,
1103 3887 1163 3939 iuna.
1174 3901 1218 3949 pot·

173 3972 263 4004 sacram
285 3972 322 4005 me
345 3958 448 4005 tenuisse
469 3958 561 4004 diem.’'
597 3961 671 4006 Causa
721 3958 1030 4022 ticus,viae‚leges.''etc.
1069 3960 1166 4007 Publica
1183 3975 1218 4005 au·

173 4032 253 4078 habeor
274 4049 343 4093 quare
359 4036 386 4079 sit
410 4035 522 4093 lapidosus
543 4050 606 4095 ager.
650 4035 670 4080 E
721 4041 767 4080 tem
779 4043 801 4080 et
810 4032 1068 4080 commuuiuinterdurn
1078 4033 1142 4098 apud
1151 4032 1217 4082 ,111113-

172 4104 285 4168 conjectis
294 4105 318 4153 in
330 4122 413 4154 nucem
425 4105 496 4153 saxis.
719 4107 838 4154 consultos
849 4105 1014 4154 contunditur.
1033 4107 1108 4155 Cior.

207 4179 259 4226 126.
280 4179 369 4240 Semper·
390 4181 470 4228 habent
492 4182 516 4225 in
542 4195 583 4233 me,
605 4180 666 4241 ete]
754 4181 808 4228 1³4.
824 4180 872 4227 Hoc
880 4179 968 4241 juria]
988 4181 1029 4227 Sic
1042 4180 1113 4244 Eleg.
1125 4180 1145 4227 l.
1156 4178 1193 4225 lib.
1203 4176 1217 4221 i.
