2806 5018
414 378 760 445 HALIEUrlcorr.
1042 382 1106 445 447

61 556 140 642 Qui
160 555 326 629 nondum
344 556 440 652 gerit
457 555 494 626 in
512 566 642 628 tenera
654 557 733 652 jam
751 576 892 626 cornua
908 552 1050 627 fronte:

61 673 129 745 Sic
147 672 266 744 damae
284 670 445 767 fugiunt,
464 682 635 768 pugnant
653 668 789 742 virtute
807 670 950 756 leoneS,

62 787 116 862 Et
132 810 257 860 morsu
276 786 395 872 canis,
414 798 454 860 ct
470 787 600 859 caudae
618 785 672 858 sic
692 784 860 881 scorpios
878 785 976 873 ictu;
1087 789 1109 858 5

62 903 348 1000 Concussisque
366 902 459 976 levis
478 902 612 1000 pennis
631 899 685 972 sic
703 900 827 973 evolat
843 899 934 973 ales

62 1019 252 1093 Omnibus
271 1018 408 1115 ignotae
428 1019 557 1092 mortis
575 1018 698 1102 timor,
717 1015 893 1089 omnibus
912 1018 1072 1103 hostem,

63 1135 368 1231 Praesidiumque
386 1135 516 1207 datum
535 1134 688 1219 sentire,
707 1145 746 1207 et
763 1156 920 1206 noscere
936 1132 1003 1206 teli

62 1251 229 1346 Vimque
241 1251 471 1346 modumque
482 1250 557 1323 sui:
574 1250 627 1323 sic
639 1249 912 1324 etScarusarte
923 1247 1113 1322 subundis

63 1365 217 1452 Incidit,
235 1366 551 1464 adsumptumque
565 1366 651 1438 dolo
669 1366 822 1439 taudem
841 1377 955 1462 pavet
972 1388 1111 1439 escam.

65 1481 104 1554 N
107 1506 155 1555 on
174 1483 290 1554 audet
307 1481 421 1554 radiis
439 1480 580 1554 obnixa
597 1505 792 1555 occurrere
810 1480 953 1570 fronte;
1069 1485 1110 1554 ll

63 1597 231 1671 Aversus
249 1599 380 1672 crebro
397 1597 520 1671 vinem
540 1598 607 1672 sed
626 1599 778 1671 verbere
797 1597 927 1670 caudae

65 1711 218 1786 Laxans
237 1714 491 1811 subsequitur,
510 1724 711 1811 tutumque
730 1713 855 1786 evadit
873 1713 910 1785 in
928 1736 1069 1810 aequor.

64 1827 169 1914 Quin
188 1831 299 1925 etiam
319 1831 350 1904 si
368 1830 462 1904 sorte
480 1831 628 1928 aliquis,
648 1831 737 1904 dum
756 1853 854 1927 pone
872 1840 1032 1915 nataret,

65 1944 176 2019 Mitis
193 1947 399 2021 luctantem
419 1946 558 2020 Scarus
577 1946 676 2019 hunc
695 1945 733 2018 in
751 1945 888 2018 vimine
906 1944 1010 2032 vidit,
1070 1949 1114 2019 15

64 2234 174 2284 unani:
199 2238 291 2284 minaci.
330 2237 417 2284 Forte:
441 2241 457 2263 “
474 2235 567 2285 ...Vi-
652 2235 690 2281 12.
714 2233 810 2282 mmo
834 2236 910 2282 crebro
936 2237 1027 2282 osrimr
1054 2235 1115 2298 rub]

64 2310 134 2358 tutus
150 2308 184 2358 sic
201 2325 303 2375 namque
320 2309 416 2366 minaci,
431 2312 491 2368 Qua.
510 2325 568 2358 uon·
618 2308 719 2364 Plinius,
737 2308 778 2356 lib.
796 2308 869 2357 xxxii.
885 2323 907 2357 c.
920 2310 945 2358 2.
976 2315 993 2337 ⁴¹
1002 2308 1066 2358 Mihi
1081 2309 1116 2358 ri·

65 2382 128 2430 dum
166 2383 235 2448 gerit,
266 2383 367 2432 intentet
395 2384 447 2448 jam
482 2398 570 2432 coruus
619 2383 705 2431 deutur
725 2382 792 2438 mira,
811 2399 864 2447 quur
887 2382 988 2431 Ovidius
1007 2382 1118 2449 prodidit,

66 2456 174 2506 irouts.’'
619 2455 719 2519 piscium
729 2455 832 2520 ingenia,
843 2456 868 2504 iu
879 2472 907 2505 eo
919 2457 1045 2514 volumius,
1056 2458 1120 2523 quod

101 2530 127 2578 6.
147 2530 328 2595 Concussisque]
357 2531 518 2594 concorsque
537 2533 568 2578 ts·
620 2529 773 2578 Helieuticon
792 2527 940 2578 inscribitur:
964 2531 1062 2580 Scirum
1082 2530 1119 2581 in·

66 2608 103 2654 oir
114 2607 194 2666 persoir
204 2605 275 2654 MSS.
290 2607 406 2654 Virrius.
440 2605 523 2653 Pinsir
532 2604 572 2654 ed.
622 2606 713 2653 clusum
736 2603 811 2653 nassis
828 2621 875 2654 uon
895 2605 970 2656 fronte
990 2623 1121 2673 erumpere,

67 2677 173 2729 Gesneri
183 2690 208 2727 er
218 2678 313 2728 Pithoi.
624 2693 667 2726 uec
679 2677 771 2727 infestis
783 2678 910 2728 viminibus
924 2689 997 2745 caput
1010 2680 1121 2740 inserere,

104 2752 130 2800 9.
147 2752 571 2810 SicerScorur,MSS.ricErcurur;

67 2835 96 2875 et
111 2825 146 2873 ric
161 2824 242 2874 itidem
255 2841 315 2874 vers.
326 2827 366 2875 38.
399 2824 503 2873 Isidorus
512 2842 571 2890 quo-

68 2914 121 2965 que
133 2899 244 2948 Ercsrrrrn
254 2915 296 2963 pro
307 2900 376 2948 Scoro
389 2899 467 2963 posuit
478 2899 519 2948 lib.
529 2898 572 2947 xii.

69 2989 94 3021 c.
107 2972 133 3020 6.
143 2979 168 3021 st
184 2974 215 3021 eb
233 2989 281 3021 ereo
298 2972 388 3022 dictum
406 2972 481 3021 fiuxit.
514 2973 572 3022 Ges·

70 3062 146 3095 uerus
156 3047 266 3111 ἔσχαρον
279 3047 344 3095 eliud
360 3046 463 3112 aquatile
479 3046 575 3103 enimsi,

69 3136 86 3168 e
111 3120 182 3168 Scsro
209 3122 279 3186 louge
300 3120 419 3170 diversum
444 3121 573 3170 coustituit.

71 3195 140 3243 Nam
151 3204 175 3243 et
182 3195 230 3243 him
240 3194 330 3262 σκάρος
338 3195 429 3245 Grecis
437 3204 482 3244 est.
491 3195 576 3255 Nobis,

15 3326 24 3337 ·
71 3268 198 3318 IaeScare.

111 3343 149 3391 10.
166 3342 275 3407 Incidit]
294 3345 334 3393 Its
347 3344 424 3393 Geso.
440 3353 466 3392 ut
481 3344 575 3408 supple-

70 3426 180 3464 mentum
192 3417 286 3482 juraret
300 3418 369 3466 MSS.
380 3426 405 3464 et
415 3416 471 3465 nid.
481 3419 575 3473 decidit,

70 3489 140 3555 quod
158 3505 210 3539 meo
228 3491 326 3540 insititio
344 3490 421 3539 versui
441 3491 575 3556 quadraret.

71 3564 141 3611 Ante
156 3562 220 3612 huuc
232 3581 322 3613 versum
337 3565 459 3628 legebatur
468 3568 518 3612 rin.-
535 3581 574 3613 ce·

71 3644 127 3685 tere
139 3636 206 3686 biatu
217 3639 288 3687 unius
299 3655 380 3687 versus
395 3638 493 3699 relicto;
511 3639 575 3703 quod

71 3726 106 3759 ex
120 3709 215 3759 diversa
229 3711 331 3761 lectione
340 3714 385 3762 τοῦ
395 3714 480 3760 decidit
494 3721 576 3760 natum

72 3792 150 3850 puto;
167 3784 206 3832 cui
223 3784 309 3850 aliquis
326 3785 515 3851 superscripserit
532 3785 576 3833 lo:

72 3858 120 3906 hoc
134 3867 179 3914 est,
189 3860 236 3915 rei,
249 3859 344 3909 Incidit.
377 3860 391 3908 I
393 3861 482 3909 ncidere
495 3878 574 3917 escam,

73 3939 103 3978 ut
125 3930 230 3980 incidere
256 3943 336 3982 terror.
377 3934 437 3982 Met.
459 3934 498 3982 vii.
519 3936 575 3982 524.

72 4004 313 4055 Herus—Suettius
320 4007 415 4071 legebat
424 4026 430 4056 :
445 4015 461 4036 ⁴⁴
470 4007 576 4073 Decipit,

73 4077 275 4143 ebrumptsmque
291 4078 346 4128 dolo
357 4081 407 4145 jam
422 4081 524 4146 deputet
538 4098 575 4130 es-

74 4152 160 4199 ceru.”
201 4155 371 4218 Amrmpruqus.
416 4157 492 4212 Forte,
513 4173 575 4204 suu·

75 4234 167 4290 tamque
177 4228 228 4276 dolo
238 4244 318 4277 suom.

623 2751 665 2800 sed
687 2767 794 2800 aversum
817 2752 901 2801 caude
922 2753 1009 2803 ictibus
1034 2757 1123 2805 crebris

623 2825 703 2875 laxare
714 2825 782 2881 fores,
791 2835 862 2890 atque
870 2826 905 2874 ita
911 2836 1035 2877 retrorsum
1045 2846 1122 2879 erum·

624 2915 694 2964 pere:
719 2916 789 2965 quern
811 2902 927 2949 luctatum
949 2903 1000 2967 ejus
1020 2906 1040 2952 si
1063 2906 1122 2953 forts

625 2973 686 3021 eiius
703 2975 788 3022 Scarus
808 2974 953 3023 extrinsecus
971 2977 1057 3034 videat,
1077 2994 1120 3044 sp·

624 3045 740 3110 prehensa
764 3046 882 3095 mordicus
905 3049 990 3106 cauda,
1010 3050 1122 3115 adjuvare

625 3118 695 3167 nixus
705 3120 1012 3187 erumpentis.”—0ppisu.
1022 3124 1122 3175 Halieu-

624 3194 668 3243 tic.
679 3194 712 3242 iv.
724 3196 756 3241 44
765 3210 817 3258 sqq.

659 3270 697 3316 14.
716 3268 779 3321 Quin
791 3271 859 3316 stiam
869 3268 957 3334 sifortc
966 3272 1049 3334 uliquis
1058 3277 1122 3324 dom.

623 3342 786 3405 pernotant]
820 3342 1123 3404 Dumponenurorstfflan.

626 3415 715 3480 tagatb.
732 3424 756 3465 et
770 3418 845 3466 Geso.
865 3417 1015 3467 restituerunt
1030 3437 1060 3470 ex
1076 3434 1124 3474 vet.

625 3489 682 3538 lect.
696 3507 749 3555 quse
765 3499 800 3538 est
813 3490 839 3537 in
849 3490 890 3538 sl.
902 3494 1007 3552 demptus
1021 3505 1123 3547 nataret.

625 3563 689 3612 Pith.
703 3568 796 3626 dompro
814 3574 866 3612 nat.
884 3580 913 3613 er
929 3566 999 3614 MSS.
1014 3568 1056 3633 qui
1074 3570 1122 3622 its:

625 3640 678 3685 dum
689 3649 850 3701 pronotureto:
869 3638 886 3687 1.
898 3642 952 3687 dum
964 3653 1073 3702 pronstot
1087 3663 1124 3696 sr-

627 3715 796 3776 ista—Aliquis
810 3716 861 3761 dom
875 3726 974 3777 pronora
988 3728 1050 3767 retro
1059 3719 1124 3771 Tho-

627 3802 667 3834 sn.
688 3787 838 3835 Ambrosiau.
857 3791 910 3836 dum
930 3806 972 3852 pro
994 3803 1051 3841 noto
1070 3807 1127 3848 rste.

624 3860 715 3917 Scribe,
732 3866 751 3910 ri
760 3862 826 3926 sorte
842 3864 911 3919 oiirrr,
928 3866 983 3912 dum
998 3880 1123 3927 presentat,

625 3945 683 3983 orto.
699 3946 750 3983 orto
765 3951 798 3984 sc.
813 3936 907 3994 vimine,
923 3938 987 4003 quud
1004 3942 1125 4006 sequitur5

624 4019 747 4070 manarat,
759 4026 801 4074 pro
811 4020 976 4075 praetematst3
993 4013 1037 4061 nisi
1049 4016 1125 4074 malis,

623 4099 699 4144 prope,
712 4087 767 4131 dum
784 4094 862 4132 narrt:
880 4095 958 4150 posset
969 4092 994 4133 et
1003 4089 1058 4133 dum
1067 4105 1124 4149 pons

625 4167 725 4214 notaret,
739 4174 793 4206 cum
810 4158 961 4222 Pantagatho
976 4169 1000 4207 et
1018 4160 1124 4211 Geruero

626 4229 682 4293 legi.
715 4232 805 4280 Herus.
