2806 5018
244 759 547 842 P.0V1D11
580 762 872 845 NASONIS

358 1019 752 1115 FASTORUM

310 1273 491 1338 LIBER
526 1275 803 1349 QUINTUS.

462 1528 658 1579 —4—

140 1763 1082 1865 ERITIS‚undeputemMaiodatanominamensii

140 1906 178 1954 iu
196 1883 286 1956 satis
305 1893 364 1956 est
380 1883 524 1980 liquido
542 1887 693 1981 cognita
710 1909 827 1958 causa
843 1886 946 1958 mihi.

140 2004 198 2081 ut,
218 2007 257 2069 et
273 1997 438 2071 incertus
457 2021 533 2094 qua
551 1999 599 2071 sit
616 1999 687 2071 sibi
707 2001 828 2074 nescit
845 1998 1024 2086 eundum,

140 2136 213 2184 rum
230 2112 334 2187 videt
351 2138 399 2186 ex
418 2114 518 2187 omni
537 2127 643 2211 parte
660 2115 779 2188 viator
797 2116 887 2188 iter:

140 2227 226 2324 quia
242 2252 354 2324 posse
372 2229 483 2301 datur
500 2229 667 2303 diversas
684 2230 842 2304 reddere
860 2227 1007 2315 causan
1057 2235 1082 2303 5

140 2365 172 2414 ra
189 2341 297 2429 ferar,
318 2343 469 2438 ignor03
499 2344 684 2442 copiaque
707 2343 792 2442 ipsa
808 2353 932 2417 nocet.

140 2482 177 2541 .e‚
197 2482 281 2555 quae
299 2458 421 2532 fontes
440 2458 700 2558 Aganippidos
719 2458 995 2558 Hippocrenes,

140 2585 207 2647 uta
224 2573 410 2648 Medusaei
429 2575 536 2672 signa
554 2576 691 2650 tenetis
709 2574 811 2673 equi.

140 2765 176 2814 10.
193 2765 270 2814 Missa
290 2765 437 2831 praefatione,
455 2769 535 2818 stetim
586 2768 619 2816 nil
640 2766 795 2817 dubitetioniu
814 2776 896 2817 restet.
927 2767 1008 2818 Etiem
1028 2770 1084 2820 Me·

140 2841 243 2886 Lnemiue
257 2837 332 2899 dicit;
349 2839 446 2889 resumit
457 2850 535 2890 eutem
586 2842 652 2891 ereb.
665 2841 684 2890 i.
702 2842 752 2891 Set.
773 2843 810 2890 12.
829 2841 924 2898 fatetur,
943 2841 973 2891 de
992 2844 1086 2893 nomine

140 2927 153 2959 ι
175 2920 269 2968 tractet,
288 2913 352 2975 quud
370 2913 388 2960 i.
407 2913 447 2961 41.
465 2915 536 2964 verbo
586 2916 648 2962 inter
664 2924 768 2963 unctum
783 2915 853 2962 lutum
866 2916 1086 2964 dissentionum

140 2992 157 3032 t.
191 2984 322 3042 Qumstioni
345 2985 400 3034 huic
419 3002 535 3050 gramme·
586 2985 657 3045 Quod
675 2987 709 3036 iv.
729 2986 990 3043 784.tenuiterdi1it‚
1009 2988 1086 3036 Terin

140 3056 239 3106 utimum
264 3058 387 3121 dignitatis
409 3069 433 3107 et
454 3060 536 3124 gretie
580 3060 645 3123 finit
663 3061 766 3115 dubim,
783 3069 898 3121 cceptaque
917 3069 996 3108 nme
1017 3069 1086 3117 tenet,

172 3132 257 3180 Musae
271 3132 375 3188 invocet,
391 3141 418 3182 ut
434 3134 479 3181 sibi
496 3149 538 3183 no·
586 3131 612 3180 id
623 3147 687 3181 nuuc
696 3131 850 3180 similitudino
860 3131 965 3195 quedem
978 3141 1086 3190 exornet,

140 3219 218 3253 tunm
233 3204 348 3268 aperiunt,
358 3215 392 3262 et,
405 3222 479 3270 quum
490 3215 537 3256 tren
591 3205 622 3252 Ut
640 3214 694 3262 etat,
713 3212 761 3253 etc.
795 3203 861 3251 Pom
877 3206 1012 3259 detumet
1031 3205 1086 3254 nli·

140 3293 186 3326 inm
213 3292 292 3326 cause
320 3280 445 3335 ferrentur,
474 3279 537 3344 ipeeu
586 3285 631 3334 eet,
643 3287 670 3326 ut
679 3276 766 3342 poeeim
773 3294 781 3336 ;
797 3276 898 3324 menites
908 3275 965 3324 mihi
976 3284 1020 3326 eet.

140 3351 199 3399 inter
209 3367 234 3400 re
250 3350 415 3401 dissentientes
425 3351 501 3416 fingit,
513 3361 537 3401 et
620 3351 643 3399 7.
662 3350 776 3415 Pegasus,
785 3364 800 3398 e
810 3347 925 3412 unguine
935 3349 1036 3399 Mam
1046 3365 1084 3400 or·

150 3423 251 3481 inducit,
265 3434 292 3473 ut
310 3426 452 3474 sententiam
469 3426 536 3475 dein·
587 3432 634 3480 tue,
651 3424 767 3488 (Metam.
785 3421 818 3470 iu.
838 3421 908 3484 784.)
926 3422 1086 3485 Hippocrenen

141 3506 215 3554 ceut3
233 3498 284 3562 ipre
307 3509 387 3547 autem
404 3499 449 3547 uub
466 3499 538 3546 finem
588 3499 678 3562 ungule
692 3496 764 3561 rupit.
791 3495 854 3544 lbid.
868 3511 891 3544 v.
907 3497 965 3545 275.
984 3496 1086 3564 Interpr.

140 3586 238 3621 neuuui
249 3571 359 3620 cohibet:
376 3572 411 3620 ita
420 3574 472 3621 loco
483 3572 538 3620 huic
587 3570 698 3620 Gallicus
714 3568 777 3617 hunc
795 3567 884 3617 iontem
900 3576 926 3617 et
939 3571 1086 3635 Aganipptdu

140 3635 345 3694 etormemdedit.
378 3645 459 3695 Simile
470 3646 492 3695 ei
503 3653 539 3695 eet
590 3643 638 3703 (ric
658 3641 712 3705 ille)
732 3658 774 3707 pro
793 3641 876 3690 eodem
897 3641 977 3692 hebet.
1009 3646 1086 3696 Immo

141 3718 260 3768 mlib.ri.
589 3719 709 3781 Aganippe
718 3715 1087 3786 uliueiomMueerumetApel·

140 3795 330 3842 ueritis-menei
338 3795 361 3857 1]
380 3793 420 3842 Sic
436 3802 461 3841 et
481 3793 537 3841 alibi
587 3789 642 3838 linis
655 3790 679 3838 in
696 3788 821 3845 Helicone,
831 3790 899 3854 iique
914 3791 945 3840 ed
960 3792 1084 3844 Mum

139 3865 165 3914 bi
180 3866 263 3931 pendit
277 3866 308 3914 ed
320 3874 484 3929 argumentum
495 3865 537 3914 eli-
587 3863 667 3912 lucum
683 3862 835 3912 tendentibus
851 3864 883 3912 ed
900 3863 1002 3924 levum
1018 3867 1083 3917 Pen-

140 3938 294 4000 ructandum
318 3940 419 3987 Metam.
436 3938 461 3987 ii.
481 3941 538 3988 512.
587 3952 638 3986 een.
656 3938 775 4002 Emotp.
791 3937 847 3986 766.
879 3938 965 4003 Ituque
983 3940 1086 3992 Metam.

140 4012 159 4061 d
178 4013 244 4061 Deos
261 4013 372 4070 marinos,
390 4021 406 4041 ‘¹
418 4012 538 4070 Quaeritis,
589 4012 684 4059 natu:
704 4011 765 4058 Fene
776 4010 903 4060 Mrem
917 4019 943 4060 et
958 4012 1084 4076 Hyantia

140 4102 240 4150 equare
257 4087 338 4152 regine
352 4087 458 4134 Deorum
471 4086 538 4134 Sedi-
589 4085 708 4149 Aganippe
717 4083 805 4133 diserte
813 4083 998 4149 distinguuntur.
1024 4087 1084 4136 Inde

140 4159 245 4209 undrim
253 4161 279 4207 1”
314 4160 419 4223 Liquido,
431 4169 502 4216 certo,
512 4170 540 4208 ut
589 4158 667 4207 Mure
678 4160 832 4222 Aganippidos
848 4157 967 4215 dicuntur,
984 4166 1009 4206 et
1022 4160 1086 4224 Agu-
