2806 5018
421 373 740 439 CONSOLATIO.

53 543 135 619 Iste
153 556 280 645 potest
297 546 453 644 implere
470 547 578 619 dolor
593 547 653 620 vel
671 550 801 620 secula
818 558 910 634 tota,

106 660 157 735 Et
173 662 300 758 magni
318 662 445 736 luctus
463 662 672 736 obtinuisse
691 663 830 736 locum.

55 776 170 851 Multi
188 779 226 851 in
245 789 283 853 te
301 778 451 852 amissi:
480 802 564 864 nec,
584 778 646 851 cui
665 788 721 852 tot
738 780 849 852 turba
867 779 1062 864 bonorum,
1099 804 1105 819 ·

106 891 241 965 Omnia
259 894 321 966 cui
338 893 457 967 virtus
475 894 646 988 contigit,
668 918 763 966 unus
782 916 879 967 eras,
1057 901 1106 970 80

56 1005 93 1080 N
96 1032 140 1082 ec
159 1010 351 1105 genetrice
369 1021 436 1083 tua
453 1009 647 1083 fecundior
665 1009 743 1083 ulla
760 1019 969 1108 pareutum,

107 1122 182 1197 Tot
198 1126 299 1199 bona
317 1148 383 1222 per
401 1135 532 1221 partus
549 1148 634 1221 quae
652 1125 758 1197 dedit
775 1148 851 1198 una
866 1125 976 1198 duos.

58 1234 167 1311 Heu!
187 1262 263 1336 -par
277 1238 370 1313 illud
382 1239 447 1312 ubi
460 1251 532 1324 est,
548 1240 705 1314 totidem
720 1240 919 1313 virtutibus
933 1240 1108 1337 aequum!

110 1350 162 1426 Et
179 1378 335 1429 concors
354 1355 489 1453 pietas,
510 1379 579 1428 nec
598 1354 791 1428 dubitatae
809 1356 940 1428 amor?

55 1468 247 1554 Vidimus,
267 1471 465 1544 attonitum
484 1471 649 1544 fraterna
668 1482 800 1557 morte,
822 1469 1011 1545 Neronem
1061 1474 1110 1546 85
1135 1450 1140 1467 ’

111 1584 261 1658 Pallida
279 1586 462 1684 promissa
479 1588 569 1661 fiere
588 1612 655 1685 per
672 1609 874 1672 macoma,

61 1699 374 1798 Dissimilemque
393 1703 464 1788 aui,
484 1702 588 1776 vultu
609 1702 808 1800 profitente
826 1701 1015 1776 dolorem:

115 1813 187 1888 Hei
206 1816 315 1889 mihi!
344 1841 458 1913 quam
477 1827 558 1891 toto
574 1817 699 1891 luctus
717 1819 755 1890 in
774 1840 839 1890 ore
856 1816 952 1890 suit?

57 1931 121 2002 Tu
140 1942 266 2004 tamen
284 1942 456 2007 extremo
473 1932 695 2005 moriturum
713 1944 881 2030 tempore
899 1932 1052 2006 fratrem

112 2045 270 2131 Vidisti;
300 2048 473 2121 lacrimas
489 2047 581 2120 vidit
598 2058 637 2121 et
655 2049 716 2122 ille
734 2059 840 2135 tuas;
1062 2051 1112 2122 90

60 2161 267 2259 Adfigique
285 2163 362 2236 suis
381 2162 543 2237 moriens
561 2174 628 2236 tua
645 2175 799 2261 pectora
816 2161 947 2247 sensit,

115 2276 166 2350 Et
182 2279 304 2352 tenuit
320 2280 425 2352 vultu
443 2279 586 2352 lumina
601 2279 679 2352 fixa
694 2289 781 2364 tuo;
889 2348 893 2353 .

64 2393 237 2476 Lumina,
258 2395 419 2467 caerulea
431 2397 510 2491 jam
524 2396 683 2491 jamque
701 2393 869 2466 natantia
886 2404 1024 2483 morte3

115 2506 286 2594 Lumina,
304 2509 485 2584 fraternas
499 2512 579 2608 jam
598 2509 769 2584 subitura
786 2533 932 2583 manua.

63 2625 116 2697 At
134 2625 346 2698 miseranda
363 2649 500 2723 pareus
519 2649 694 2724 suprema
712 2648 836 2722 neque
855 2614 985 2697 oscula
1000 2622 1096 2709 fixit,

32 2840 34 2844 λ
116 2739 267 2836 Frigida
286 2765 354 2813 nec
373 2741 463 2814 fovit
481 2742 650 2814 membra
666 2752 850 2814 tremente
868 2741 964 2814 sinu.
1065 2744 1114 2814 96

64 2852 155 2929 Non
174 2843 528 2955 animamadposito
546 2857 752 2953 fugientem
770 2857 924 2954 excepit
941 2856 1065 2942 hiatu3

118 2971 201 3047 Nec
218 2974 334 3046 traxit
351 2996 468 3045 caesas
487 2996 555 3070 per
572 2985 638 3046 tua
655 2973 823 3045 membra
840 2995 981 3045 comas.

62 3257 121 3307 olim
140 3256 261 3314 Heiuaiua,
275 3257 319 3306 aed
336 3272 382 3306 non
400 3274 452 3315 aua,
467 3265 493 3305 ut
508 3259 566 3308 mibi
617 3259 720 3324 recipere
737 3257 834 3307 minime
852 3257 979 3313 dubitavit.
997 3264 1021 3306 et
1039 3264 1116 3306 tam

62 3331 280 3390 videtunfortuua:
299 3340 315 3360 “
323 3332 438 3389 Cedia,nt
448 3332 566 3382 incassum
617 3331 681 3387 tulit,
694 3341 720 3380 ut
730 3331 840 3387 vidimus,
851 3330 884 3379 Le
893 3331 967 3385 clerc,
979 3330 1010 3379 ad
1019 3345 1067 3379 ver.
1075 3331 1117 3381 ⁴8.

64 3406 451 3470 munumina,Druae‚legnntur.
476 3406 567 3455 Ultima
650 3407 689 3453 83.
708 3405 776 3453 Heu!
798 3421 842 3465 por
860 3405 921 3452 illud
938 3406 980 3453 aar·
996 3415 1039 3461 rat,
1054 3405 1115 3470 ete]

63 3479 176 3545 aitfactia
186 3483 257 3529 hacce
267 3481 364 3546 querela
375 3481 453 3529 κόμμ’
617 3478 725 3527 Fratrum
751 3478 853 3534 radicet,
876 3477 964 3526 Tiberii
987 3486 1011 3525 et
1035 3477 1118 3536 Drmi,

97 3554 140 3601 77.
158 3552 206 3602 lm
222 3565 292 3617 potest
308 3557 402 3617 implere
418 3558 489 3612 dolor,
503 3557 564 3620 eta]
617 3568 676 3616 quoa
694 3551 782 3600 eedem
802 3553 950 3601 exornabant
968 3551 1075 3609 virtuter,
1092 3560 1118 3602 et

63 3627 146 3692 Friget
156 3628 284 3679 admodum
294 3629 369 3677 oratio
379 3629 410 3678 nd
421 3647 444 3678 v.
455 3631 497 3679 8³.
509 3630 566 3694 quia
617 3625 765 3674 indubitatur
774 3641 838 3674 amor
849 3625 927 3674 adhuc
936 3625 1102 3691 conjunxerat.

64 3700 159 3767 longim
167 3702 192 3750 N
194 3718 235 3751 uo
245 3703 391 3759 immoratur.
399 3705 424 3752 in
435 3703 567 3752 evolvenda
649 3701 689 3748 94.
706 3701 809 3749 Lumina
818 3701 939 3761 fralmus
946 3704 1001 3763 jam
1011 3703 1118 3750 subitura

64 3790 114 3824 uua
124 3775 258 3840 eademque
270 3776 395 3825 sententia.
617 3774 717 3837 munira]
737 3775 797 3832 Qua
810 3790 864 3823 mox
873 3773 976 3824 fraterna
984 3790 1068 3825 mentre
1075 3791 1116 3825 oc-

98 3850 139 3897 79.
158 3849 203 3897 cot
218 3859 251 3897 tot
265 3851 333 3898 turbo
343 3853 450 3899 bonorum
462 3854 568 3916 contigit,
617 3848 708 3897 cludet.

63 3923 126 3986 eta]
161 3924 208 3972 Tot
231 3924 270 3973 cui
296 3925 394 3974 virtutes
419 3925 566 3989 obtigerant:
650 3925 691 3971 95.
709 3923 741 3970 Ar
754 3926 882 3971 miseranda
896 3923 1059 3986 pertracto]
1080 3924 1119 3972 lta

63 4014 94 4047 ex
109 3997 277 4048 emendatione
288 3999 418 4064 Scaligeri3
435 4014 491 4047 nam
504 3999 569 4066 priua
619 3996 718 4061 Euryali
728 4007 804 4047 mater
811 3997 875 4064 apud
883 3997 1016 4063 VirgAEn.
1024 3997 1119 4046 intua.

63 4071 201 4136 legebatur,
225 4083 258 4121 tot
280 4074 350 4123 verba
373 4077 488 4122 mnarum.
521 4073 568 4123 Sed
619 4074 660 4122 aed
684 4074 847 4123 vehementius
867 4074 951 4131 multo,
971 4081 999 4120 ut
1021 4081 1119 4127 matrem

63 4145 237 4195 comecdonem
259 4147 292 4196 N.
303 4147 417 4198 Heinsius
434 4148 459 4196 in
478 4156 570 4197 textum
621 4147 818 4212 ipramdecebat.
