2806 5018
365 360 623 425 FASTORUM
648 359 738 424 LlB.
760 360 811 424 II.
1044 357 1108 426 101

62 533 101 606 N
104 557 147 608 ec
167 543 208 605 tu
227 533 349 606 vicino
366 533 575 628 quidquam
594 533 761 606 concede
779 530 946 629 roganti3
1034 536 1107 605 675
1180 591 1181 595 ,

113 649 174 722 Ne
189 649 339 723 videare
357 648 546 722 hominem
562 650 812 747 praeposuisse
829 647 852 720 J
855 647 927 721 ovi.

61 763 126 852 Et,
146 788 212 838 sen
227 764 451 851 vomeribus
470 788 537 838 seu
555 774 595 836 tu
615 765 813 861 pulsabere
830 762 973 850 rastris,

115 879 309 952 Clamato:
339 877 452 951 Meus
470 889 530 950 est
547 877 606 951 hic
625 903 726 975 ager,
746 879 809 952 ille
826 888 927 951 tuus.

62 992 136 1067 Est
148 994 221 1080 via,
236 1017 321 1090 quae
339 994 521 1091 populum
540 990 747 1067 Laurentes
764 993 872 1066 ducit
888 994 926 1065 in
944 1016 1066 1088 agros,

114 1109 314 1193 Quondam
331 1109 521 1182 Dardanio
538 1133 654 1204 regna
670 1109 790 1205 petita
807 1109 909 1183 duci.
1034 1113 1108 1183 680

62 1225 157 1298 Illac
176 1226 330 1321 lanigeri
350 1225 496 1322 pecoris
515 1224 597 1308 tibi,
618 1223 805 1309 Termine,
824 1223 927 1296 fibris

114 1340 232 1413 Sacra
247 1340 349 1412 videt
365 1339 446 1412 fieri
465 1348 595 1412 sextus
614 1337 662 1410 ab
681 1338 773 1410 urbe
790 1338 898 1435 lapis.

63 1455 253 1529 Gentibus
272 1464 330 1528 est
347 1454 431 1527 aliis
447 1455 560 1527 tellus
579 1452 668 1526 data
686 1454 805 1527 limite
823 1464 949 1527 certo:

113 1568 295 1642 Romanae
312 1568 477 1666 spatium
495 1579 554 1642 est
571 1568 674 1640 urbis
692 1579 732 1642 et
748 1569 848 1641 orbis
867 1568 981 1642 idem.

62 1683 99 1756 N
103 1707 187 1756 unc
206 1684 368 1757 dicenda
384 1683 475 1756 mihi
494 1683 590 1778 regis
609 1681 720 1778 fuga:
740 1683 856 1755 traxit
873 1685 921 1777 ab
939 1685 1003 1758 illa
1029 1689 1102 1759 685

114 1798 256 1872 Sextus
274 1799 323 1871 ab
340 1808 509 1872 extremo
527 1798 679 1871 nomina
695 1821 825 1872 mense
843 1799 938 1872 dies.

62 1911 207 1985 Ultima
225 1911 451 2009 Tarquinius
471 1912 653 1985 Romanae
671 1913 793 2009 gentis
812 1913 978 1986 habebat

113 2027 261 2124 Regna,
278 2029 332 2100 vir
348 2027 523 2123 injustus,
542 2028 648 2101 fortis
667 2029 715 2101 ad
734 2051 838 2101 arma
854 2037 992 2101 tamen.

58 2265 351 2332 tiam‚qnainCapitolio
366 2267 478 2315 restitisti.
513 2268 558 2315 Le·
607 2269 671 2316 urbis
681 2276 704 2315 et
714 2269 773 2316 orbis
783 2267 884 2317 luderet.
908 2267 976 2317 Lusit
986 2267 1025 2317 hic
1033 2268 1105 2319 etiam

58 2344 119 2388 or'tns
133 2351 170 2388 est
186 2340 246 2404 ejus.
257 2339 298 2404 qui
312 2339 382 2389 laeile
396 2340 452 2388 sinit
466 2356 492 2389 re
508 2355 558 2388 mo·
608 2341 685 2389 Rutil.
701 2341 784 2390 ltiner.
795 2342 811 2387 i.
823 2342 864 2389 66.
882 2342 1003 2390 “Urbem
1020 2343 1107 2402 iecisti,

60 2413 121 2468 veri,
143 2412 213 2461 laeile
234 2412 298 2460 cedit
315 2411 376 2461 aliis.
409 2413 471 2468 Jovi.
485 2428 558 2476 quum
608 2415 672 2480 quod
684 2414 749 2480 prins
764 2413 827 2462 orbis
842 2415 920 2471 erat‚'¹
939 2431 968 2463 ex
988 2416 1044 2465 orbe
1060 2427 1106 2465 ter-

58 2485 128 2534 Jovis
143 2483 258 2549 templum
276 2484 396 2533 moliretur
406 2485 557 2549 Tarquinius.
608 2503 684 2536 rarum
701 2502 773 2535 unam
791 2488 912 2536 civitatem
930 2488 1105 2545 11111110ωηὶ-

57 2560 118 2607 Erat
139 2558 177 2607 lex
198 2559 302 2606 Numa:
328 2565 344 2585 ‘⁴
362 2557 411 2616 Qui
431 2559 556 2606 terminum
605 2559 1055 2625 busgentibuscivitatisjnradonatis.

58 2631 556 2696 uuadt,ipsnsetboveissacreisunto.”
644 2634 782 2682 aaa-852.
806 2634 984 2698 Regifugium]
1015 2637 1103 2694 Sernes,

58 2704 137 2753 Eram
145 2713 225 2753 tamen
236 2704 329 2752 Horatii
341 2715 455 2768 tempore,
466 2703 507 2768 qui
518 2719 557 2751 us·
605 2724 660 2772 ergo
668 2707 731 2755 xxiv.
738 2708 806 2755 Febr.
824 2707 892 2755 Unus
898 2708 986 2756 Hamb.
992 2713 1105 2770 septimus.

58 2793 108 2844 qae
124 2778 242 2843 proximos
256 2777 397 2825 revellerent
411 2779 461 2841 agri
477 2777 556 2826 termi·
606 2782 641 2829 Er
653 2778 756 2828 Kalend.
767 2781 877 2827 Romano
888 2780 959 2828 ined.
971 2782 1105 2832 Mitscherl.

57 2867 111 2906 nos.
128 2860 154 2899 et
174 2850 236 2898 ultra
256 2849 343 2898 limites
359 2850 481 2898 clientium
500 2851 557 2898 sali·
606 2853 729 2902 Kalendas
747 2852 796 2900 viti.
816 2853 933 2910 Martias3
951 2854 1063 2904 Patavina
1079 2856 1106 2904 in

57 2933 129 2984 rent;
146 2923 194 2972 Od.
210 2923 245 2971 11.
261 2924 325 2972 xviii.
336 2925 375 2970 24.
409 2925 460 2971 Hos
477 2923 557 2972 terreri
607 2928 720 2975 Dissertt.
734 2926 764 2973 ad
776 2926 824 2989 op.
833 2925 863 2973 de
875 2927 991 2974 Doctrina
1003 2929 1104 2994 Tempo-

58 3006 83 3045 et
102 2997 206 3046 coerceri
224 3012 239 3045 a
256 2995 368 3045 Termino
379 2997 431 3044 nult
448 2996 558 3046 Ovidius.
608 3015 668 3055 rum,
679 3016 702 3048 v.
713 3001 737 3047 9.
747 2998 869 3046 contendit
879 2997 945 3046 illam
955 2999 1034 3062 fugam
1045 3001 1105 3048 inci-

57 3072 89 3120 In
100 3071 179 3120 verbis
190 3071 227 3118 Ns
237 3073 336 3127 videon,
347 3080 393 3119 etc.
404 3087 475 3134 greve
488 3086 557 3135 argu·
608 3072 670 3120 disse
680 3071 705 3119 in
716 3076 821 3133 quitatum
831 3070 904 3118 diem.
931 3070 1012 3133 Atque
1028 3072 1101 3122 itaer

59 3153 178 3194 mentum.
609 3145 770 3209 antiquissimo
778 3143 838 3190 libro
849 3158 891 3190 sno
898 3142 999 3206 Neapol.
1010 3143 1095 3194 edidit.

64 3259 67 3263 .
91 3219 150 3266 679.
163 3217 297 3283 Detinibns
310 3216 402 3283 imperii
418 3217 521 3281 antiquie
534 3225 559 3265 et
642 3219 698 3265 687.
710 3214 863 3280 Tarquinium
875 3213 977 3263 Ovidius
992 3224 1067 3274 notat,
1077 3226 1105 3267 ut

58 3291 135 3341 sacris
151 3290 186 3339 ibi
200 3290 323 3339 iaciendis.
357 3291 504 3337 Dardanium
514 3292 559 3337 du·
610 3289 661 3337 Lu.
672 3290 745 3337 i.b³:
764 3295 778 3314 ‘¹
792 3288 854 3341 Nec.
868 3295 894 3334 ut
901 3285 1035 3350 injustusin
1042 3305 1103 3356 paee

57 3382 115 3422 eon,
135 3362 188 3412 scil.
206 3364 318 3418 AEneam,
334 3365 404 3411 elane
419 3362 558 3411 Laurentem
608 3377 657 3417 rar,
668 3361 702 3409 ita
716 3359 765 3408 dnx
779 3358 837 3407 belli
851 3373 938 3423 pravus
955 3359 1023 3408 snit.”
1056 3364 1103 3418 Pro

58 3441 158 3487 umbre
176 3452 259 3501 sgnum
270 3436 308 3484 vel
321 3452 350 3484 ex
367 3436 420 3483 Liv.
434 3435 450 3483 i.
464 3439 485 3484 1.
501 3452 556 3484 eon·
608 3438 638 3483 ad
656 3452 720 3482 arnna
737 3432 849 3481 Heinsius
866 3433 970 3482 malebat
988 3437 1013 3482 in
1031 3453 1105 3486 ama.

56 3521 114 3561 stat.
134 3509 196 3559 Vide
210 3509 299 3572 Heynii
314 3510 401 3558 Ειοιιτ.
413 3508 446 3556 iii.
457 3510 488 3557 ad
500 3511 558 3558 AEn.
607 3510 663 3558 Sine
684 3524 764 3557 causa.
796 3508 852 3555 Post
872 3506 990 3573 adjectiva
1008 3513 1039 3557 nd
1055 3511 1104 3561 ele·

56 3584 99 3632 sii.
143 3583 210 3630 Inter
231 3581 338 3647 quintum
364 3591 389 3630 et
408 3593 493 3630 sertum
513 3583 558 3629 vito
608 3593 693 3648 genter
709 3583 804 3648 ponitur
819 3582 943 3648 pro‚qnod
960 3585 1045 3634 attinet
1061 3587 1102 3636 ad.

55 3654 211 3706 laurentina
234 3656 330 3716 lapidea
347 3655 405 3702 olim
426 3655 496 3703 luisse
514 3655 558 3702 im·
608 3657 744 3706 Secundum
762 3656 864 3719 Dionys.
880 3656 937 3704 llal.
950 3656 982 3705 iv.
998 3660 1103 3710 ‹ta-5³.

54 3730 119 3798 perii
138 3728 243 3777 Romani
261 3729 319 3776 lines
334 3736 413 3777 narrat
426 3736 451 3776 et
464 3729 556 3784 Strabo.
609 3732 710 3786 Latinis,
719 3730 829 3778 Hernicis
846 3739 870 3778 et
880 3730 973 3779 Volscis
987 3732 1011 3780 in
1028 3735 1103 3783 socie·

55 3822 81 3853 v.
93 3821 120 3869 p.
132 3804 189 3852 357.
199 3801 240 3850 nbi
254 3811 279 3849 et
292 3802 361 3866 bujns
371 3803 480 3850 sacnficii
491 3818 557 3850 men·
606 3814 679 3853 tatem
696 3805 806 3868 receptis,
816 3803 841 3850 in
857 3803 957 3852 Sabinos
973 3807 1101 3857 exercitum

52 3879 148 3926 tionem
160 3876 226 3925 lacit.
258 3875 305 3924 Sed
317 3891 392 3940 usque
406 3876 436 3923 ad
452 3884 558 3940 tempora
607 3875 683 3932 duxit,
694 3885 726 3932 et,
738 3876 803 3933 inde,
814 3876 912 3923 vastatis
922 3877 1023 3925 bostium
1033 3880 1103 3944 agria,

52 3949 163 4014 Augusti
177 3949 300 4013 imperinm
311 3949 446 3996 Romanum
457 3949 557 3996 immen·
607 3951 630 3998 in
638 3950 781 4004 Pometinos,
792 3964 890 4013 quornm
902 3949 983 3997 urbem
994 3952 1103 4001 Suessam

52 4024 89 4072 sis
100 4022 213 4073 auctibus
224 4031 337 4070 creverat.
365 4022 427 4070 llinc
440 4036 503 4086 sepe
516 4036 557 4086 per
608 4024 631 4071 vi
647 4024 719 4089 cepit,
729 4025 827 4087 ejusque
844 4022 942 4079 incolas,
953 4024 1102 4090 direptiabo·

50 4101 132 4147 orbem
142 4107 256 4143 mertem
264 4094 439 4145 declarabatur.
472 4095 558 4144 Noster
608 4096 653 4153 nis,
664 4098 749 4162 partim
760 4096 885 4152 interfecit,
894 4096 980 4160 partim
988 4098 1102 4148 militibus

50 4186 98 4236 pro
114 4168 215 4234 imperio
228 4171 307 4217 urbm
318 4168 470 4225 nominitant
481 4168 557 4217 verbis
608 4170 632 4218 in
648 4169 752 4235 predam
771 4169 893 4218 concessit.
924 4170 986 4218 Tum
1002 4170 1102 4221 Sabinos
