2806 5018
529 389 638 454 IBlS.
1040 387 1105 454 489

58 561 213 657 Quique
225 563 487 648 oculiscaruit,
499 586 566 659 per
577 586 672 658 quos
690 563 789 636 male
802 563 947 635 viderat
958 585 1102 647 aurum,

65 696 69 705 ·
110 675 266 749 Inferias
284 689 372 751 nato
391 701 488 774 quos
505 677 610 751 dedit
627 680 718 751 orba
735 702 891 775 parens:
1024 682 1102 750 270

56 790 196 864 Pastor
210 803 254 864 ut
270 792 449 879 AEtnaeus,
468 794 529 867 cui
546 817 657 866 casus
674 804 761 866 ante
778 792 921 866 futuros

107 905 284 980 Telemus
303 907 537 1007 Eurymedes
555 907 775 981 vaticinatus
792 917 894 981 erat:

60 1020 116 1095 Ut
132 1023 206 1095 duo
224 1022 409 1112 Phinidae,
430 1026 567 1122 quibus
586 1025 686 1097 idem
703 1025 831 1097 lumen
848 1023 1000 1108 ademit,

109 1136 183 1220 Qui
199 1138 324 1213 dedit:
346 1149 388 1212 ut
404 1139 617 1239 Thamyrae,
638 1138 923 1234 Demodocique
937 1146 1064 1234 caput.

59 1251 125 1325 Sic
137 1253 274 1349 aliquis
285 1264 350 1327 tua
363 1256 531 1328 membra
543 1265 658 1340 secet,
676 1255 860 1327 Saturnus
871 1263 914 1326 ut
926 1251 1008 1324 illas
1025 1254 1099 1325 275

110 1366 315 1441 Subsecuit
332 1381 470 1466 partes,
490 1372 590 1444 unde
607 1381 756 1444 creatus
774 1378 876 1443 erat:

58 1480 144 1555 Nec
163 1482 230 1555 tibi
249 1484 300 1555 sit
316 1485 449 1558 melior
464 1486 617 1558 tumidis
636 1484 836 1583 Neptunus
853 1482 893 1554 in
909 1481 1032 1568 undis,
1088 1487 1092 1491 ’

110 1595 234 1679 Quam
251 1599 313 1671 cui
330 1611 420 1673 suut
435 1602 569 1675 subitae
586 1600 700 1673 frater
716 1610 756 1673 ct
772 1620 866 1671 uxor
883 1619 992 1682 aves;

56 1778 174 1828 diodicta
184 1789 228 1837 est,
240 1782 351 1845 quonism
367 1782 431 1831 lacta
447 1792 482 1832 eat
498 1800 555 1834 curs
637 1783 695 1833 274.
715 1781 852 1845 stampe]
871 1778 945 1830 Filius
957 1776 1101 1834 Philammo-

58 1853 177 1902 Palladis.
605 1856 642 1905 nis
658 1864 684 1905 et
697 1855 811 1921 Argiopss
827 1853 954 1920 Nympltss,
967 1859 993 1902 et
1009 1867 1025 1901 a
1040 1852 1101 1901 Lino

90 1928 148 1975 269.
167 1928 256 1991 Quique
275 1930 365 1993 cerdis]
385 1932 555 1994 polymnestor,
603 1931 718 1980 musicam
736 1929 843 1978 edoctus.
875 1928 969 1976 Dicitur
985 1927 1015 1975 sb
1029 1925 1101 1975 Hom.

56 2015 99 2049 rer
126 1999 242 2057 Thraciis,
268 2003 341 2050 ueteri
369 2003 473 2051 amicitia
499 2019 554 2051 con·
604 2001 729 2068 Thamyris
744 2012 815 2068 aptus
828 2000 945 2066 adlyram
959 2009 984 2048 et
997 2015 1100 2055 carmen,

53 2074 153 2139 junctus
164 2090 219 2122 cum
234 2075 335 2133 Psiamo,
345 2076 482 2125 imminente
492 2078 555 2126 bello
605 2085 633 2127 nt
645 2078 726 2128 scribit
737 2077 811 2127 Diod.
822 2075 915 2125 Clarnit
930 2074 1028 2130 musica,
1040 2073 1100 2122 adeo

57 2145 205 2203 Grecomm,
223 2147 366 2213 Polydorum
379 2150 466 2198 Priami
481 2150 555 2198 lilium
605 2160 632 2201 ut
650 2167 680 2200 ex
698 2149 808 2200 OEchalia
823 2147 978 2213 Peloponnesi
993 2147 1101 2203 veniens,

56 2221 222 2284 aparentibus
236 2222 281 2270 sibi
298 2222 466 2272 demandatum
477 2223 555 2288 hospi·
605 2226 689 2274 Mrrsss
705 2222 791 2288 quibus
808 2220 917 2277 occurrit,
934 2220 960 2269 in
980 2233 1101 2270 cenem

56 2292 216 2358 tiomsoepit.
242 2295 288 2343 Sed
306 2297 428 2345 mentibus
439 2297 554 2361 Trojauis,
605 2296 898 2362 provocaveritaqnibus
912 2306 1046 2343 excecatus
1057 2302 1103 2342 est.

56 2367 120 2423 nri,
128 2368 192 2431 quod
203 2368 334 2433 Polydorus
344 2370 469 2427 adtulerat,
481 2371 555 2419 avidi·
606 2373 777 2434 Demodocique.
794 2371 849 2418 Duo
856 2377 964 2418 cantores
974 2366 1102 2433 suntapud

55 2447 109 2488 tste
123 2449 216 2504 captus,
231 2450 366 2507 contempto
384 2443 478 2508 hospitii
494 2445 555 2509 jure,
606 2447 676 2495 Horu.
693 2443 805 2493 Phemius
814 2443 839 2491 in
849 2441 958 2492 convivio
968 2455 1102 2506 procorum,

58 2512 205 2577 Polydorum
228 2516 361 2564 obnnnmt.
392 2517 464 2575 Quod
482 2532 556 2581 quum
605 2518 758 2569 Demodocus
772 2516 797 2566 in
810 2514 1039 2566 convivioAlcinoiz
1057 2529 1100 2562 cn·

54 2587 161 2636 Hecuba
180 2596 255 2638 mater
276 2591 428 2654 percepisset,
446 2591 555 2640 dissimn·
602 2594 643 2658 jus
652 2592 767 2641 musicam
777 2590 861 2640 laudat
873 2589 946 2637 Hom.
970 2589 1042 2637 Hunc
1054 2602 1102 2637 aa·

56 2661 112 2709 laus
130 2676 156 2709 se
170 2661 285 2725 ignorare,
301 2664 501 2728 Polymnestorem
519 2682 555 2715 ro·
605 2681 661 2715 curn
678 2665 749 2714 valde
769 2665 842 2713 Musa
862 2662 953 2718 dilexit,
970 2661 1038 2710 dedit
1060 2661 1102 2709 bo-

53 2734 133 2798 gavit,
144 2746 180 2792 ut,
194 2745 291 2798 accepto
307 2737 416 2786 thesauro
431 2755 502 2804 quem
520 2740 555 2788 iu·
606 2755 711 2805 numque
733 2737 868 2801 malumque
877 2753 885 2797 ;
909 2735 984 2784 oculis
1004 2733 1102 2799 quidem

53 2806 386 2862 diam,fl1iumredderee
418 2813 442 2860 Is
463 2822 557 2862 secutus
606 2812 715 2877 privarit,
731 2809 773 2859 sed
791 2818 888 2859 eentum
906 2808 973 2857 dedit
989 2807 1102 2857 auarissi-

54 2880 166 2930 snolieris
174 2882 254 2938 fidem.
266 2884 383 2933 adductus
396 2886 421 2934 in
431 2896 556 2942 secretum,
606 2901 680 2934 mum.

55 2953 90 3001 ab
102 2953 202 3003 Hecuba
210 2964 235 3004 et
242 2957 334 3006 ancillis
342 2956 417 3007 oculis
426 2960 540 3023 privetur.
638 2960 693 3008 277.
712 2958 761 3007 Nee
776 2960 817 3006 tili
832 2957 882 3020 sit]
901 2957 970 3019 Ceyx
980 2955 1101 3017 Alcyones

89 3027 148 3075 271.
162 3029 244 3077 Pastor
259 3041 287 3078 ut
298 3033 423 3094 Etesiis]
439 3032 556 3097 Polyphe·
607 3034 701 3098 conjux,
710 3047 783 3096 quum
792 3032 823 3079 sd
830 3030 950 3079 oraculum
957 3029 1101 3090 asrigssset,

54 3116 122 3156 mus.
138 3101 200 3150 inter
213 3103 331 3169 Cyclopes
351 3105 445 3153 Siculos
461 3106 556 3154 Homeri
607 3106 670 3155 laeto
684 3103 806 3168 pannagio
817 3104 951 3151 submersus
964 3110 1017 3158 est;
1033 3099 1103 3164 cnjus

54 3172 165 3222 carmine
180 3177 353 3232 celeberrimus.
364 3178 459 3227 oculum
470 3179 556 3235 amisit,
606 3180 639 3229 rei
654 3179 733 3228 dolore
744 3179 852 3241 Alcyone
864 3175 889 3223 in
904 3189 972 3222 avem
989 3186 1103 3221 conversa

55 3246 145 3294 adusto
169 3248 248 3313 stipite
276 3250 386 3299 effossum
410 3252 441 3299 ab
462 3251 557 3315 Ulysse‚
607 3250 821 3311 estsninominis3
837 3249 891 3297 vide
905 3247 979 3298 Orid.
990 3245 1050 3295 Met.
1059 3245 1103 3296 lib.

53 3336 143 3384 quum,
154 3322 286 3388 absumptis
292 3327 397 3390 quinque
406 3325 476 3374 sociis
485 3326 557 3382 illius,
607 3327 639 3375 xi.
647 3341 696 3375 rer.
706 3327 752 3372 741
765 3340 818 3388 sqq.

54 3393 115 3441 sino
125 3394 222 3444 obrutus
228 3397 328 3461 jaceret.
639 3400 695 3448 ais.
704 3395 860 3459 Ferme]
873 3393 1008 3450 Dedaliom
1015 3393 1104 3458 Ceycis

91 3466 151 3514 272.
177 3467 277 3518 Telemus
297 3471 456 3534 Drymodes]
480 3472 558 3536 Eury-
608 3472 689 3528 irater,
702 3469 775 3519 filiam
786 3467 969 3518 habuitnomine
977 3466 1102 3521 Chionem.

54 3543 132 3589 nider
147 3539 237 3591 dictum
253 3545 314 3592 Met.
326 3545 376 3594 xiii.
392 3561 441 3594 ver.
452 3546 507 3594 771.
527 3547 559 3594 Η.
608 3545 806 3601 formosissimam,
817 3558 888 3609 qnam
900 3540 986 3606 Apollo
1000 3550 1025 3589 et
1038 3540 1104 3590 Mer·

58 3615 172 3664 Telemus.
199 3617 281 3674 Vates,
300 3619 342 3683 qui
361 3619 470 3684 predixit
487 3620 557 3684 Poly·
609 3621 687 3670 curius
703 3633 869 3682 compressere,
883 3628 908 3665 et
925 3615 975 3664 nati
992 3624 1047 3664 suut
1062 3630 1104 3680 ge·

56 3689 148 3753 pusio
157 3689 284 3755 aliquando
291 3694 405 3749 futurum,
412 3702 439 3741 ut
448 3693 470 3741 ei
477 3693 559 3742 oculus
608 3693 682 3742 melli.
703 3692 809 3757 Apollini
820 3691 954 3746 Philemon,
965 3689 1006 3754 qui
1015 3688 1106 3738 musica

52 3760 347 3830 effidereturstlyssa.
609 3766 703 3821 claruit,
719 3775 809 3829 patrem
827 3763 941 3812 imitatus.
974 3762 1106 3826 Autolycus

93 3834 153 3883 27³.
172 3835 205 3883 Ut
214 3840 260 3885 ‹iso
271 3839 395 3901 miride]
414 3839 522 3888 Crambis
535 3849 559 3888 et
609 3850 689 3888 autem
708 3838 835 3893 Mercurio,
853 3838 891 3886 sur
908 3835 1001 3885 nobilis.
1033 3837 1106 3883 Suam

57 3911 232 3978 Orythus,duo
243 3911 326 3960 Phinei
334 3913 376 3960 filii
385 3930 415 3961 ex
422 3914 558 3977 Cleopatra,
609 3915 718 3979 preferre
730 3911 823 3961 Chione
837 3912 935 3959 tonnam
946 3911 1032 3959 Diana
1048 3923 1106 3956 ausa

55 3989 109 4036 sim
130 3986 260 4035 intulerunt
281 3987 341 4041 lde,
362 4003 434 4051 quam
456 3988 560 4036 Phineus
609 3999 654 4045 est,
674 4003 689 4036 a
712 4002 761 4050 qua
781 3995 817 4034 est
842 3985 934 4049 sagittis
957 3986 1105 4044 interempta.

56 4059 265 4126 superinduxerat,
284 4060 355 4108 liliam
374 4061 488 4116 Dardani,
502 4062 560 4124 Scy·
610 4063 685 4126 Cujus
701 4061 725 4108 in
739 4075 821 4125 rogum
834 4068 900 4124 pater
916 4056 1041 4105 Daedalion
1058 4067 1105 4117 pras

57 4137 155 4184 enarum
166 4133 243 4197 regis:
261 4150 310 4200 qna
319 4134 351 4183 de
360 4150 433 4184 causa
446 4135 559 4183 excecati
609 4134 689 4183 dolore
710 4148 736 4181 se
755 4133 831 4181 soluit
849 4131 988 4180 immittere:
1010 4135 1035 4173 at
1053 4139 1105 4204 pro-

56 4224 75 4258 s
84 4215 155 4274 patre
164 4215 229 4257 sant.
608 4206 705 4261 hibitus,
716 4205 740 4253 in
755 4207 898 4255 Parnassum
911 4210 1014 4250 monte·
1028 4196 1089 4246 abitt
1096 4213 1104 4255 ;

92 4281 170 4331 VOL.
180 4282 213 4329 V.
703 4277 754 4325 ³R
