2806 5018
173 352 239 418 228
380 422 386 430 ‚
472 350 508 414 Ρ.
533 350 695 416 OVIDII
719 350 929 416 NASONIS

178 525 388 599 Frondibus
406 538 445 598 et
461 524 548 596 fixis
567 525 792 597 decorentur
809 522 923 596 ovilia
940 524 1077 609 ramis3

229 639 280 713 Et
296 649 401 734 tegat
418 650 567 712 ornatas
585 640 698 734 longa
714 662 851 711 corona
867 637 979 711 fores.

183 755 347 828 Caerulei
364 755 456 827 fiant
467 755 555 828 vivo
573 755 622 828 de
639 755 818 852 sulphure
831 754 967 840 fumi,-

230 868 426 966 Tantaque
444 869 601 942 fumanti
620 870 799 967 sulphure
818 871 920 943 bnlet
938 869 1032 942 ovis.
1159 872 1221 940 740
1272 912 1274 945 ι

181 986 260 1058 Ure
278 1008 401 1058 mares
419 986 533 1070 oleas,
553 985 781 1081 taedamque,
802 986 1016 1080 herbasque
1040 984 1218 1069 Sabinas;

235 1099 284 1173 Et
298 1111 429 1197 crepet
446 1099 484 1171 in
502 1100 636 1172 mediis
654 1100 780 1172 laurus
797 1099 933 1172 adusta
948 1098 1058 1172 focis.

183 1213 352 1313 Libaque
370 1216 418 1289 de
437 1216 540 1287 milio
558 1215 649 1286 milii
667 1214 811 1287 fiscella
828 1226 1031 1311 sequutum

232 1329 392 1404 Rustica
409 1330 598 1427 praecipue
615 1341 675 1402 est
691 1330 763 1401 hoc
783 1328 867 1402 Dea
886 1329 973 1401 laeta
990 1329 1093 1402 cibo.
1161 1330 1222 1398 744

183 1447 293 1521 Adde
308 1447 427 1544 dapes
441 1447 714 1542 mulctramque
729 1469 834 1531 suas;
856 1445 1103 1542 dapibusque
1114 1466 1225 1517 resec·

235 1562 451 1635 Silvicolam
468 1562 596 1659 tepido
612 1562 711 1634 lacte
728 1584 884 1658 precare
904 1559 1037 1634 Palen.
1155 1559 1223 1656 [tis,

184 1744 354 1800 collocemur
370 1744 475 1802 Tibullo,
491 1742 624 1804 11.v.9t;
641 1759 681 1791 re·
732 1745 867 1808 etseniner
882 1742 977 1790 dividit.
1011 1742 1138 1791 ldemxii.
1148 1739 1228 1792 cnuti

184 1834 236 1870 rum
253 1821 298 1868 sub
316 1819 459 1868 umbraculis
477 1818 525 1867 illis
541 1818 619 1884 potius
635 1816 682 1866 dis·
732 1817 829 1866 deterre
845 1821 944 1866 maculo
960 1818 1020 1881 egit,
1033 1817 1121 1867 eddit:
1146 1814 1229 1865 “Reli-

184 1893 330 1943 cumbebent
347 1888 438 1942 rustici.
474 1892 566 1958 lange,
580 1907 594 1940 e
611 1891 682 1956 posti·
732 1892 795 1957 gioru
807 1893 930 1948 tributum,
943 1906 972 1939 ne
983 1907 1056 1941 sexus
1067 1891 1131 1941 elter
1141 1903 1228 1955 usrrrpr·

184 1966 230 2016 bue
245 1966 518 2033 dependentee,feetons.
554 1965 684 2030 Tagusue
732 1965 821 2014 retur.·'’
856 1964 978 2013 Pinumin
994 1963 1229 2014 lustretiooibusent

186 2039 643 2104 uternrerbuminhecrepmprium.
734 2039 876 2095 adhibitam,
903 2054 975 2103 supra
1002 2039 1031 2087 ii.
1061 2041 1106 2088 25.
1128 2039 1228 2088 vicine

219 2115 276 2163 7³9.
295 2115 417 2176 sulphuris
435 2130 492 2163 usus
509 2112 643 2178 precipuus
658 2111 683 2160 in
734 2114 807 2160 Nunc
823 2121 927 2176 cognate
944 2113 1014 2161 arbor
1031 2123 1185 2166 memoretur,
1198 2118 1230 2157 te·

185 2187 379 2246 lustrationibus3
397 2188 522 2242 Homerus,
530 2186 578 2234 Od.
588 2203 611 2235 x.
622 2189 684 2245 4815
734 2189 773 2242 de,
784 2186 854 2251 pinus
863 2185 985 2243 siluestris,
997 2201 1074 2250 quam
1086 2185 1180 2234 Plinius
1192 2181 1231 2232 xri.

186 2262 304 2317 Tibullus.
315 2263 336 2309 1.
347 2269 372 2308 ν’.
386 2262 428 2309 ll:
445 2268 463 2288 ¹‘
475 2262 578 2324 Ipseque
594 2269 629 2307 ter
640 2260 684 2308 cir·
737 2260 777 2307 19.
805 2267 822 2288 “
841 2258 942 2307 flammis
963 2274 993 2308 ec
1015 2259 1102 2307 lumini
1124 2270 1231 2307 actm

186 2349 241 2384 curn
251 2334 349 2382 lustravi
360 2335 472 2399 sulphure
487 2334 569 2397 pum.’'
607 2335 686 2381 Vivum
736 2332 845 2397 grutam”
868 2341 948 2381 vocat.
984 2333 1023 2380 De
1053 2335 1130 2381 herbis
1155 2331 1233 2378 stet-n

188 2405 247 2470 quid
270 2406 301 2454 sit
321 2405 429 2469 sulphur,
452 2405 557 2468 explicat
582 2404 685 2462 Plinius,
736 2414 761 2453 et
779 2405 809 2453 de
827 2411 953 2468 crepitante
973 2408 1042 2453 lauro
1060 2405 1155 2455 dictum
1174 2402 1232 2452 edi.

188 2494 261 2527 xxxv.
277 2479 318 2527 50.
335 2478 376 2526 ubi
393 2486 493 2541 qustuor
508 2476 628 2540 sulphuris
645 2494 687 2542 ge-
736 2480 794 2528 349.
924 2494 927 2499 ’

189 2565 247 2598 nera
257 2560 378 2606 recenset;
395 2557 412 2578 ‘⁸
425 2551 521 2605 Vivum,
534 2550 597 2613 quod
609 2551 687 2600 Grreci
769 2554 826 2602 743.
852 2552 925 2600 Sacra
944 2551 1006 2599 Deo
1029 2566 1079 2600 nou
1100 2562 1198 2600 cruente
1214 2555 1235 2595 et

190 2638 280 2688 epyron
294 2635 389 2679 vocant,
400 2623 505 2672 nascitur
521 2623 631 2680 solidum,
643 2625 687 2674 hoc
737 2625 817 2675 obvia.
852 2627 950 2674 Emilio
960 2625 1018 2672 Itali
1035 2640 1127 2690 panem
1141 2621 1234 2690 pedul-

190 2704 227 2745 est
243 2696 322 2759 gleba.
356 2697 449 2745 Cetera
471 2696 560 2760 liquore
579 2707 689 2746 constant
738 2715 790 2749 cem
810 2699 938 2754 iaciebant,
950 2698 1055 2752 Plinius,
1068 2697 1187 2746 nitier.
1200 2693 1235 2742 sed

190 2777 215 2818 et
235 2769 390 2817 conficiuntur
410 2769 461 2817 oleo
485 2769 607 2816 incocta.'’
640 2771 686 2818 Sed
738 2782 763 2821 et
782 2773 844 2827 tite,-
865 2773 974 2819 Festnsz·
989 2777 1005 2798 ‘¹
1018 2770 1164 2819 suffimenta
1179 2768 1236 2816 dice·

191 2843 308 2892 cennius
325 2853 405 2906 neget,
423 2843 483 2891 illud
505 2858 567 2890 nunc
588 2843 688 2907 intelligi
738 2845 870 2909 hant,qurn
887 2842 1050 2892 iaciebantur
1068 2843 1125 2891 labe
1136 2841 1237 2904 rnilioqne

190 2916 334 2983 posseque
346 2915 532 2964 Pliniusaddat:
550 2922 566 2942 ⁴·
580 2914 642 2963 Viro
652 2933 688 2965 so·
739 2916 837 2973 mellito,
854 2917 930 2965 mulso
948 2916 1056 2982 sparsol'
1092 2917 1189 2965 Fiscello
1203 2923 1238 2961 eet

189 2990 240 3039 lum
268 3006 297 3038 ex
324 2990 432 3038 omnibus
455 2988 580 3052 generibus
605 2989 690 3037 medici
732 2992 955 3054 ficiumcalathus,
968 3006 1041 3055 quern
1058 2991 1142 3039 rustici
1156 2988 1237 3038 enode

193 3072 290 3112 utuntur
299 3064 322 3121 ;”
339 3079 364 3111 se
375 3064 455 3126 igitur,
467 3061 486 3109 si
497 3061 569 3110 lectio
579 3076 637 3109 sunu
648 3063 687 3116 sit,
736 3064 817 3128 juncis
836 3072 861 3112 ct
875 3063 1004 3111 viminibus
1022 3065 1140 3112 texebant
1157 3062 1237 3111 verium

191 3141 267 3185 nivrrm
281 3152 366 3202 cupere
383 3136 413 3184 de
431 3135 560 3188 celeritate.
577 3150 625 3198 que
641 3134 689 3183 sul·
740 3137 764 3183 in
784 3153 869 3196 usum3
885 3136 972 3199 Virgil.
985 3136 1078 3200 Georg.
1096 3136 1115 3184 i.
1128 3136 1190 3195 cun,
1203 3133 1237 3181 'li-

191 3211 253 3276 phur
263 3226 277 3257 a
286 3211 382 3258 flamme
392 3209 476 3273 corripi
490 3208 572 3262 solent,
584 3219 609 3256 ut
625 3212 688 3256 vioe-
740 3209 828 3267 bullus,
840 3211 874 3258 11.
887 3211 920 3257 iii.
935 3211 973 3258 15.

192 3287 228 3332 cie
246 3284 358 3344 sulphura
373 3285 473 3330 Metam.
488 3280 524 3328 iii.
541 3282 598 3329 374.
632 3282 689 3329 llaec
772 3285 828 3332 745.
855 3285 913 3332 Haec
930 3285 1004 3332 verba
1024 3285 1150 3348 negotium
1169 3283 1236 3331 lecerr

193 3371 248 3405 vero
265 3355 357 3402 Plinius
373 3357 424 3419 ipse
441 3355 505 3402 dicto
523 3355 575 3401 loco
593 3354 689 3402 refellit.
739 3358 792 3405 intr.
812 3358 852 3421 qui
871 3373 952 3405 omnes
970 3361 1040 3419 depes
1059 3358 1196 3407 intellexere
1213 3355 1238 3403 de

194 3428 243 3478 Ubi
253 3428 315 3476 enim
331 3428 430 3483 monuit,
441 3433 517 3475 vinum
530 3429 626 3489 sulphor
637 3428 689 3474 viti·
739 3431 812 3478 sacris
829 3432 889 3479 Dee
908 3430 1003 3479 oblatis.
1033 3431 1128 3493 licius.
1145 3429 1240 3494 conjicit.

193 3501 277 3564 ligines
294 3500 383 3554 tollere,
396 3501 486 3564 pergit:
503 3501 609 3547 “Habet
625 3508 650 3548 et
666 3502 689 3547 in
742 3506 806 3550 Adde
823 3507 877 3566 depr·
893 3492 1069 3567 mrdctraque
1084 3521 1131 3553 rere
1140 3522 1148 3562 ;
1166 3517 1239 3551 rerum

192 3572 345 3635 religionibus
359 3574 436 3620 locum
452 3573 482 3620 ud
497 3574 625 3637 expiandas
639 3574 688 3621 sul·
739 3576 852 3624 eTihull.
863 3578 899 3624 ll.
911 3594 935 3624 v.
946 3574 988 3626 99.
999 3577 1127 3634 discimus,
1139 3578 1240 3628 monos.

193 3645 238 3692 dtu
261 3643 365 3691 domos.”
399 3647 500 3706 sulphur
521 3650 643 3695 ceruleum
666 3647 690 3695 in
740 3651 813 3697 sacris
834 3651 946 3713 peractis,
970 3651 1016 3698 sibi
1040 3655 1113 3713 dapes
1136 3665 1242 3717 peruste:

195 3715 340 3781 purgationis
355 3717 509 3781 descriptione
528 3719 601 3766 habet
617 3721 689 3768 Clau·
740 3727 757 3747 ‘⁴
769 3721 803 3767 At
817 3723 861 3769 sibi
879 3723 981 3786 quisque
998 3723 1075 3787 dapes
1090 3734 1116 3773 et
1126 3727 1198 3773 festas
1207 3739 1244 3770 er·

194 3789 287 3843 dianus,
299 3790 379 3838 xxviii.
390 3793 445 3837 325.
481 3792 582 3855 Tangere
595 3794 690 3841 verbum
740 3802 815 3841 struet
825 3797 873 3844 alte
885 3796 1025 3860 Cespitibus
1036 3813 1145 3851 menses.
1155 3796 1244 3862 cespiti-

195 3861 300 3910 eolemne
309 3861 334 3906 in
350 3861 393 3909 hac
407 3879 440 3916 re,
451 3873 477 3910 ut
488 3865 601 3911 Heinsius
611 3881 690 3913 exem·
741 3866 942 3930 busquetorum.”
959 3870 1051 3918 Eadem
1059 3870 1246 3920 convitiandum

195 3934 243 3998 plis
252 3932 333 3980 docuit
342 3951 348 3991 ;
364 3935 398 3981 sic
408 3944 432 3981 et
443 3951 490 3981 ver.
502 3936 557 3982 790.
742 3939 848 4004 Propert.
855 3943 901 3988 lV.
911 3942 945 3989 iv.
955 3943 998 3990 74.
1007 3954 1137 4002 memoret,
1147 3952 1163 3973 “
1171 3947 1246 4003 Quum

230 4006 288 4052 741.
311 4006 371 4053 Oleoe
390 4022 457 4069 eaque
474 4023 502 4054 ac
520 4008 579 4056 lauri
595 4025 651 4058 usus
667 4011 691 4059 in
741 4028 836 4076 pagana
856 4016 955 4063 madent
977 4017 1071 4066 fercula
1088 4018 1213 4073 deliciie‚”
1227 4026 1250 4065 et

195 4077 391 4143 purgationibns;
407 4079 613 4129 AEncid.vi.230.
645 4084 689 4130 Ar·
741 4086 828 4133 Noster
838 4087 863 4134 in
873 4088 1098 4148 Terminalibunii.
1111 4094 1172 4142 nst.
1204 4092 1250 4140 Ne·

196 4153 265 4200 bores
280 4150 351 4199 wem
363 4151 454 4200 Plinius
471 4153 520 4202 nri.
538 4155 573 4202 19.
584 4155 608 4202 in
620 4173 691 4204 morer
740 4173 787 4220 que
804 4161 918 4209 credibile
936 4171 984 4220 est,
997 4165 1118 4216 Ovidium
1137 4169 1181 4216 ille
1194 4165 1249 4215 orni·
