2806 5018
359 378 413 443 IN
437 377 599 444 OVIDII
623 377 812 443 Fuscos.
1043 380 1109 443 379

46 570 125 612 rum
140 559 283 614 veterum
297 553 383 615 nulla
398 561 448 615 est
462 552 683 635 intelligentia,
700 574 773 635 quae
788 553 820 614 in
837 551 1027 635 pbilosophis
1042 553 1103 615 fre-

51 662 194 734 quenter
216 655 427 729 desideratur,
450 655 481 716 in
508 654 696 738 mythologis
721 654 861 736 denique
884 663 980 737 atque
1002 656 1104 736 poetis

50 754 214 836 mythicis,
238 757 294 840 qui
321 757 419 840 signis
444 756 629 819 coelestibus
655 756 779 839 fabulas
806 778 879 819 suas
907 757 1105 829 adnectunt;

48 856 193 922 siderum
207 870 298 922 ortus
312 870 343 923 et
357 883 484 923 occasus
499 861 598 923 annui
620 860 659 922 ad
681 861 755 922 anni
775 869 918 943 tempora
933 860 1105 923 indicanda

53 958 102 1022 ita
117 961 157 1022 ab
175 963 320 1024 omuibus
340 965 529 1045 scriptorum
550 963 721 1045 generibus
738 964 859 1045 recepti
875 971 958 1036 sunt,
976 973 1012 1025 ut
1028 985 1105 1046 quo-

52 1064 213 1137 rumdam,
237 1066 414 1147 praesertim
442 1065 630 1148 scriptorum
659 1065 705 1127 rei
733 1066 871 1137 rusticae,
897 1065 965 1127 sine
994 1086 1103 1127 eorum

53 1165 239 1248 cognitione
256 1167 342 1230 nulla
357 1168 483 1230 omnino
495 1168 707 1252 intelligentia
722 1167 787 1230 sits.
825 1167 870 1229 Et
884 1188 919 1228 ro
936 1187 1011 1229 vera
1024 1167 1104 1249 pris-

54 1266 104 1328 cis
118 1267 179 1330 illis
195 1267 383 1344 hominibus,
394 1271 556 1354 praecipue
570 1271 706 1344 Graecis,
719 1270 749 1332 in
766 1270 851 1333 felici
867 1279 960 1333 terrae
974 1269 1104 1353 regione

54 1391 117 1453 per
138 1381 209 1434 octo
231 1373 299 1435 fere
320 1373 392 1435 anni
414 1394 540 1437 menses
558 1396 643 1456 saepo
666 1383 776 1436 noctes
796 1374 940 1456 diesque,
959 1374 1034 1464 dum
1050 1393 1104 1433 ne·

55 1475 153 1560 gotiis
169 1477 346 1559 agrestibus
363 1486 396 1539 et
411 1498 544 1560 gregum
562 1478 672 1540 tutele
688 1499 817 1559 operam
833 1478 960 1549 dabant,
978 1475 1036 1537 sub
1052 1476 1105 1536 dio

56 1579 250 1662 degentibus
262 1580 337 1642 coeli
351 1580 553 1663 splendidum
569 1580 787 1663 spectaculum
803 1581 894 1643 nimis
910 1602 944 1643 se
963 1579 1105 1662 ingessit,

56 1681 136 1763 quin
151 1682 190 1743 ad
206 1682 311 1744 sidera
324 1683 376 1744 illu
393 1684 531 1745 animum
548 1683 726 1757 intendere,
743 1682 958 1767 splendidiora
978 1683 1105 1765 dignos-

57 1806 145 1860 cere,
162 1795 197 1849 et
210 1795 308 1860 certa,
326 1788 439 1870 quibus
455 1787 487 1850 in
503 1788 585 1850 coelo
605 1789 839 1871 conspiciantur
854 1789 904 1851 vel
927 1789 1104 1870 aufugiant,

58 1898 203 1970 tempora
218 1889 386 1953 observare
403 1890 600 1954 debuissent.
648 1890 691 1953 Et
707 1891 751 1952 ita
766 1892 832 1974 jain
851 1890 989 1953 Hesiodi
1010 1899 1105 1953 aetate

58 1992 102 2054 ad
118 1991 367 2075 splendidiorum
385 1993 525 2054 siderum
542 2003 629 2055 ortus
648 2003 681 2055 et
696 2014 827 2056 occasus
843 1992 972 2074 negotia
987 1992 1106 2054 rustica

58 2092 216 2166 distribui,
233 2095 306 2156 anni
330 2106 437 2177 partes
461 2095 595 2178 majores
619 2097 781 2179 distingui,
795 2096 861 2177 jam
880 2095 965 2177 apud
983 2093 1104 2156 Home-

57 2217 128 2257 rum
151 2196 240 2258 navis
260 2218 387 2259 cursum
412 2198 452 2260 ad
475 2208 630 2260 astrorum
651 2199 746 2260 situm
768 2199 872 2281 dirigi,
895 2196 1034 2279 coelique
1056 2217 1105 2257 re-

57 2299 171 2381 giones
186 2299 260 2361 inde
278 2309 374 2363 noctu
391 2301 533 2383 dignosci
551 2302 721 2364 videmus⁵.
767 2301 844 2363 Sine
861 2299 925 2361 ulla
941 2305 1048 2360 autem
1064 2300 1105 2361 de

58 2400 136 2464 coeli
157 2409 269 2464 natura
290 2403 396 2484 deque
418 2404 521 2466 causis
541 2403 634 2485 hujus
656 2413 758 2466 motus
778 2404 970 2487 cognitione,
987 2409 1021 2464 et
1037 2401 1106 2463 abs-

59 2524 125 2586 que
151 2504 425 2566 observationibus
451 2506 700 2568 accuratioribus
727 2527 810 2579 eam,
834 2526 927 2587 quam
956 2503 1105 2576 diximus

58 2607 199 2668 siderum
225 2606 477 2669 observationem
500 2607 632 2689 cogitari
652 2629 745 2689 posse
767 2618 800 2670 et
819 2629 877 2690 per
898 2628 932 2668 se
958 2616 1057 2689 patet,
1074 2615 1108 2668 et

58 2717 172 2770 nonna
187 2709 296 2794 Bailly
309 2709 374 2790 jam
393 2709 482 2771 multi
498 2711 719 2772 adserncrunt.
766 2711 935 2789 Quatenus
950 2710 981 2771 iu
999 2708 1107 2771 oculos

56 2811 273 2885 incurrebant,
291 2820 377 2873 ortus
398 2821 431 2873 et
451 2833 582 2873 occasus
603 2822 678 2875 tunc
699 2814 731 2875 in
747 2814 829 2875 coelo
845 2813 1047 2884 notabantur,
1065 2812 1106 2874 de

56 2912 193 2996 sphaerae
208 2914 423 2995 descriptione
439 2923 474 2976 et
488 2914 648 2975 notatione
664 2915 695 2977 iu
711 2919 902 2992 uapawlypaui
919 2914 1038 2975 nullum
1053 2914 1107 2974 ad·
1197 2959 1200 2965 .

57 3016 122 3078 huc
140 3017 321 3100 vestigium.

104 3118 154 3182 II.
178 3119 294 3183 Thales
319 3122 438 3203 primus
463 3122 685 3184 astronomiam
710 3120 897 3202 sphaericam
922 3129 956 3180 et
976 3118 1107 3201 spbaerae

56 3223 329 3286 constructionem
355 3224 386 3284 in
409 3245 501 3285 usum
518 3245 632 3286 vocare
654 3222 775 3294 debuit,
793 3221 950 3304 siquidem
973 3215 1106 3283 adeum

57 3326 196 3409 primum
220 3346 259 3387 ea
279 3325 417 3388 refertur
435 3325 512 3397 lans,
532 3326 744 3409 Vergiliarum
764 3332 910 3385 exortum
930 3344 991 3384 non
1011 3344 1107 3405 appa-

92 3571 102 3596 r
120 3564 259 3628 Aristoteles
275 3564 307 3612 ita
323 3564 450 3628 saepissime
466 3575 557 3628 tempo·
610 3563 728 3611 notatione
740 3579 802 3626 saepe
818 3570 921 3616 utuntur,
932 3570 956 3609 ct
967 3562 1035 3625 plura
1046 3563 1109 3627 ejus-

56 3655 111 3687 rum
124 3638 254 3685 notationes
263 3655 277 3686 a
287 3639 402 3686 sideribus
412 3639 479 3702 petit.
496 3638 559 3686 llisr.
610 3639 672 3685 modi
689 3638 798 3700 exempla
811 3645 905 3684 exstant
919 3636 983 3701 apud
993 3637 1108 3701 Thucydi·

56 3711 132 3759 anim.
150 3710 200 3758 viii.
221 3715 258 3759 15.
272 3712 301 3759 de
320 3712 429 3760 thuanis:
458 3715 497 3761 rai
516 3714 559 3776 ἄρ·
609 3715 657 3759 dem
670 3721 693 3759 et
705 3712 831 3774 Polybium.

57 3804 151 3850 χονται
183 3785 331 3847 θηρεύεσθαι
359 3785 411 3835 ἀπὸ
445 3785 560 3846 πλειάδος
642 3785 754 3850 *Odyss
765 3803 786 3833 v.
798 3787 854 3832 271.
880 3784 1108 3850 Ηειίοι1.ἔργ.383.

56 3859 188 3918 ἀνατολῆς
198 3859 267 3924 μέχρι
282 3859 418 3923 ἁρκτοιιροῖι
429 3859 519 3918 δύσεως
529 3864 558 3909 τὸ
609 3862 732 3909 564,597,
747 3862 804 3907 609.
819 3861 875 3907 614.
909 3861 1107 3923 Antiquissimum
1162 3908 1164 3915 ,

57 3934 169 3996 ἔσχατον
177 3951 184 3991 ;
201 3933 250 3980 viii.
264 3936 299 3980 14.
309 3937 337 3980 de
347 3936 477 3996 quibudam
489 3939 557 3982 insec-
609 3936 663 3983 ,lobi
677 3951 772 3983 carmen
789 3936 852 3999 apud
864 3935 939 3981 llebr.
952 3935 1016 3982 novit
1030 3934 1108 3982 Pleia-

57 4011 96 4062 ιιι,
108 4005 262 4070 ἡσυχάζουσι
280 4006 303 4054 δὲ
320 4007 371 4056 ἀπὸ
389 4007 504 4066 πλειάδος
518 4007 558 4057 dri·
610 4009 661 4065 dus,
681 4009 788 4073 llyadas,
807 4009 974 4072 Orioncmque,
992 4009 1024 4054 ix.
1043 4011 1067 4056 9.
1085 4017 1109 4055 et

57 4098 119 4137 aiore
125 4079 196 4145 μέχρι
208 4084 250 4129 τοῦ
259 4082 369 4144 {apocal
379 4081 412 4128 ita
424 4082 559 4146 sepissime.
610 4084 733 4131 draconem
746 4084 969 4149 septemtrionalem,
980 4098 1032 4145 cap.
1046 4081 1109 4128 xxvi.

61 4155 108 4217 lpsi
131 4172 206 4203 reruni
227 4155 350 4220 scriptores
370 4155 414 4204 bac
432 4167 558 4220 temporum
614 4159 650 4204 14.
