2806 5018
171 347 237 415 tlt
475 344 514 407 P.
535 341 692 409 OVlDll
714 340 924 407 NASONIS

175 519 305 615 thue
329 526 474 614 patrem
499 514 738 601 Psamathes,
762 514 904 588 condat
927 526 965 586 te
993 511 1221 586 Phoebus-in

134 706 140 721 ,
221 632 395 719 Tartara3
426 630 529 727 quod
546 640 646 703 natoe
663 629 805 704 fecerat
821 629 884 717 ille
902 652 1009 702 suae..
1045 629 1144 724 [ima
1154 632 1219 702 575

172 747 295 846 Inque
312 759 396 821 tuos
414 770 460 819 ea
477 745 595 843 pestis
612 754 688 831 eat,
708 767 823 841 quam
837 743 976 817 dextra
992 743 1177 816 Choroebi

220 862 335 947 Vicit,
351 885 463 959 opem
481 860 627 934 miseris
645 860 908 957 Argolicisque
926 860 1031 934 tulit.

174 977 304 1074 thue
322 1000 439 1073 nepos
456 974 610 1061 AEthme,
625 974 783 1060 Veneris
801 972 994 1072 periturus
1013 975 1065 1048 ob
1084 973 1186 1059 iram,

224 1091 345 1166 Exsul
363 1093 411 1165 ab
429 1090 608 1163 adtonitis
625 1089 834 1164 excutiaris.
845 1089 969 1187 equis
1155 1094 1217 1164 580

173 1207 335 1305 Propter
347 1230 440 1303 opes
452 1229 607 1302 magnas
623 1215 666 1277 ut
682 1204 849 1302 perdidit
860 1206 1004 1304 hospes
1021 1205 1216 1287 alumnum,

224 1321 366 1395 Perdat
382 1321 432 1395 ob
450 1320 607 1416 exiguas
624 1331 662 1394 te
679 1332 768 1395 tuus
784 1322 923 1420 hospes
939 1344 1053 1420 opes.

176 1436 276 1511 Utve
287 1437 410 1511 lerunt
419 1434 553 1510 fratres
563 1459 633 1510 sex
645 1459 734 1511 cum
747 1435 1078 1522 Damasichthone
1095 1459 1214 1518 eaesos,

226 1550 393 1625 Intereat
409 1562 536 1649 tecum
554 1551 608 1623 sic
626 1574 744 1646 genus
762 1575 873 1627 omne
890 1562 1017 1626 tuum.

175 1665 334 1741 Addidit
351 1677 393 1740 ut
409 1665 549 1743 fidicen
567 1667 713 1740 miseris
730 1690 799 1741 sua
815 1664 947 1741 lunera
966 1668 1085 1753 natis,
1152 1665 1215 1739 585

227 1782 291 1854 Sic
309 1782 377 1854 tihi
396 1780 474 1855 sint
490 1781 577 1855 vitae
594 1783 708 1857 taedia
720 1785 824 1880 justa
840 1794 928 1858 tuae.

178 1896 277 1972 Utve
296 1921 399 1972 soror
417 1895 584 1995 Pelopis,
604 1923 696 1973 saxo
713 1899 857 1976 dureris
874 1901 1023 1984 oborto,

229 2012 278 2085 Et
294 2013 406 2087 laesus
422 2013 550 2109 lingua
570 2014 707 2088 Battus
724 2017 773 2089 ab
786 2016 873 2113 ipse
890 2000 974 2088 sua.

208 2231 264 2278 575.
275 2228 443 2291 thnepotrem
450 2227 599 2292 Penestis]
609 2228 671 2277 Scri·
722 2223 841 2296 comperio
858 2229 923 2296 apud
943 2226 1021 2277 Ovid.
1041 2229 1086 2277 lib.
1101 2245 1126 2276 v.
1140 2227 1216 2276 l'ester.

176 2303 207 2350 he
227 2302 357 2349 Psamathes
373 2318 402 2349 ex
420 2301 514 2351 Photio.
530 2303 563 2351 H.
599 2302 674 2365 thue
722 2305 785 2352 309:
804 2311 820 2332 ‘⁴
831 2301 964 2368 Hippolyte
982 2300 1080 2358 infelix,
1097 2300 1170 2350 velles
1183 2315 1215 2347 eo

174 2385 263 2438 petrem
275 2375 412 2423 Psamathes.
444 2373 673 2424 ItaiaAldinisle·
721 2376 792 2426 luisse
819 2376 931 2432 Dionem,
959 2377 1046 2434 Quum
1074 2370 1219 2424 eomtermtit

175 2447 238 2511 gitur
249 2466 255 2504 ;
268 2457 295 2495 at
304 2447 333 2496 de
341 2447 443 2512 Crotopo
451 2448 591 2496 Psamathes
598 2458 673 2513 patre,
722 2449 854 2515 diripereris
863 2448 956 2513 equis.''
972 2449 1054 2498 Seue.
1198 2507 1201 2516 Ι

175 2524 243 2585 eujus
254 2523 393 2572 emdelitate
404 2522 476 2570 unus
490 2523 568 2572 iulans
581 2524 673 2588 esposi-
755 2526 811 2573 sal.
831 2523 862 2572 llt
871 2524 974 2585 perdidit
983 2522 1087 2586 mepta]
1104 2520 1134 2569 ld
1144 2527 1186 2576 eet,
1194 2527 1218 2566 ut

175 2603 221 2650 tus,
232 2604 256 2643 et
267 2610 282 2643 a
292 2595 390 2644 canibus
405 2596 524 2643 laceratus
537 2596 590 2651 luit,
602 2596 672 2645 intel·
722 2597 853 2662 Polydorus
873 2611 888 2644 a
905 2595 1097 2661 Polymnestore,
1117 2592 1215 2642 tunde

175 2667 270 2732 ligatur.
313 2669 344 2714 Et
369 2667 432 2716 hanc
453 2668 578 2716 lectionem
601 2670 672 2718 etiam
723 2670 883 2734 rege,violato
893 2668 991 2734 hospitii
1003 2671 1217 2733 jureueoetusst

175 2740 320 2805 pmbabilem
332 2740 388 2788 lacit
397 2740 421 2787 id
431 2741 493 2805 quod
505 2742 584 2790 statim
594 2744 672 2807 sequi·
723 2742 991 2809 cupiditatesuriquod
1001 2743 1118 2792 habehat.
1145 2742 1177 2789 D.

177 2825 214 2864 tur
224 2815 254 2863 de
263 2815 391 2871 Choroebo,
402 2815 432 2863 de
447 2832 494 2879 quo
504 2817 635 2865 Pausanias
649 2818 673 2864 iu
756 2821 812 2868 583.
840 2819 914 2880 thue
927 2818 1044 2881 jemna]
1074 2818 1112 2865 De
1131 2829 1219 2865 numero

175 2888 270 2938 Atticis.
307 2887 353 2937 Vel
382 2889 506 2953 Crotopus,
533 2890 673 2952 Argivorum
724 2890 824 2938 liliorum
833 2890 923 2938 Niobes
933 2889 1037 2937 diversa
1048 2890 1112 2954 apud
1121 2896 1220 2937 auctores

175 2979 223 3018 rex,
243 2963 284 3012 uhi
305 2962 399 3011 rescivit
418 2963 491 3012 liliam
513 2965 542 3011 ah
563 2965 673 3027 Apolline
723 2966 870 3028 reperiuntur
889 2964 1030 3012 sententie:
1062 2980 1118 3012 nam
1140 2963 1218 3010 llonre·

175 3037 290 3094 vitiatam,
298 3040 597 3102 atquematremjamesse,
607 3041 673 3089 morti
724 3056 762 3087 rus
783 3054 867 3103 pueros
895 3038 1037 3102 puellasque
1062 3054 1130 3086 senoe
1156 3036 1219 3083 luisse

175 3111 250 3161 dedit.
282 3111 423 3176 Indignatus
441 3113 527 3177 Apollo
545 3113 672 3177 Crotopum
723 3111 813 3166 scribit,
832 3112 869 3160 his
889 3121 999 3175 septenos
1018 3111 1155 3176 Euripides,
1173 3106 1219 3172 qui·

175 3186 277 3234 coniecit
288 3187 348 3234 telis.
360 3186 397 3234 M.
723 3186 778 3234 dam
790 3186 830 3235 elii
839 3184 964 3250 scriptores
973 3194 1022 3233 tres
1032 3184 1220 3236 tentumvolun13

208 3260 265 3307 577.
285 3259 358 3320 Inque
378 3269 426 3306 tuos
443 3275 468 3305 ee
486 3263 553 3320 pestis
569 3260 630 3322 est]
651 3261 671 3307 A
723 3258 795 3306 Ovid.
809 3259 880 3306 etiam
898 3259 923 3306 in
940 3259 1004 3306 Met.
1023 3259 1066 3307 vii.
1082 3260 1120 3307 bis
1135 3266 1217 3322 septen

177 3331 294 3379 Choroebo
306 3341 432 3379 monstrum
443 3332 672 3380 liliosmatrumsinu
723 3331 788 3388 dicit,
804 3341 829 3380 et
846 3332 945 3380 marium
961 3332 1032 3395 ponit
1053 3332 1163 3379 nomine:
1183 3328 1217 3392 qui

176 3404 287 3461 educens,
298 3413 369 3468 atque
380 3405 495 3453 devorans
506 3405 673 3465 interiectum
723 3421 803 3453 omnes
820 3406 907 3468 sagitta
926 3421 941 3453 a
959 3406 1056 3454 Phoebo
1073 3404 1145 3454 occisi
1161 3410 1217 3455 sunl,

176 3478 274 3535 Statius,
296 3478 338 3526 lib.
360 3479 376 3526 i.
397 3478 538 3535 Thebaidos,
560 3480 601 3527 ubi
628 3480 672 3528 hoc
723 3487 815 3543 propter
825 3479 907 3528 matris
915 3478 1015 3528 nimiam
1025 3477 1217 3544 superbiamu-

176 3561 303 3599 monstrum
325 3551 436 3617 graphice
457 3552 573 3616 depingit,
593 3552 673 3602 diceus
723 3562 832 3616 tonaeque
849 3561 1109 3617 contemptum,quam
1123 3550 1217 3617 sterilem

178 3623 240 3670 596:
259 3625 343 3671 “Sero
361 3640 449 3673 memor
462 3625 569 3681 thalami,
582 3634 672 3674 moretm
723 3626 883 3690 praedicabat;
904 3626 1025 3690 equibus
1041 3643 1105 3676 unus
1116 3625 1218 3676 eretDe·

178 3695 453 3753 solatiamorti,Phoebe,
461 3714 537 3762 paras,
546 3708 673 3746 monstrum
723 3698 864 3748 masichtoo.

177 3768 290 3824 islandis,
310 3769 444 3818 Acheronte
466 3773 510 3818 sub
530 3771 605 3827 ime,¹'
625 3780 673 3820 ete.
756 3775 814 3823 585.
838 3773 958 3835 Addidit]
987 3773 1122 3838 Amphion,
1141 3775 1217 3838 conju

178 3839 279 3888 Ovidius
289 3851 367 3888 autem
381 3842 441 3890 illud
456 3855 584 3892 monstrum
593 3856 675 3906 pestem
725 3844 824 3903 Niobes,
846 3849 944 3896 mortuis
968 3846 1034 3905 filiis,
1056 3848 1103 3897 sihi
1129 3857 1219 3897 mortem

180 3912 293 3979 adpellat.
303 3913 327 3961 S.
666 3914 668 3923 ’
726 3920 847 3975 conscivit,
858 3919 1113 3972 clarusartemusiee.
1140 3924 1206 3972 Dos.

212 3989 268 4038 579.
289 3988 363 4051 thue
375 4005 439 4048 nepos
451 3991 558 4052 AEthrae.]
582 3992 676 4041 Revera
758 3995 815 4041 587.
834 3996 902 4043 Soror
911 3994 1025 4058 Pelopis]
1046 3998 1126 4047 Niobe
1136 3995 1219 4046 Tutili

180 4063 345 4130 Hippolytum,
366 4063 395 4109 ob
416 4062 472 4110 iram
494 4063 602 4118 Veneris,
622 4082 675 4128 quta
727 4083 756 4115 ex
771 4068 876 4131 'l'eygete
898 4067 955 4123 lilia,
973 4068 1119 4136 Amphionis
1134 4071 1217 4120 Theos

179 4139 209 4185 ab
234 4155 262 4186 eo
288 4137 489 4192 contemnebatur,
512 4138 676 4203 interemptum
726 4140 922 4205 rumregisuxor
937 4141 998 4190 luit:
1020 4159 1076 4208 que
1087 4144 1217 4193 nimie-re·
