2806 5018
281 333 329 404 68
578 331 625 398 1³:
641 329 802 399 ovtnu
827 329 1040 399 NASONIS

225 528 231 536 ’
289 505 406 579 Saevit
422 506 563 595 adbuc,
575 528 789 601 canamque
806 514 914 600 rogat
931 503 1111 589 Saturnia
1123 502 1290 603 Tethyn,

341 620 558 697 Maenaliam
574 619 687 721 tactis
705 643 753 699 ne
771 620 872 695 lavet
889 617 1031 695 Arcton
1049 620 1172 716 aquis.

291 735 440 813 Iurene
459 734 619 832 agrestis
635 734 785 811 fumant
803 734 936 809 altaria
953 734 1087 820 Fauni,

343 851 418 926 Hic
437 852 706 929 ubidiscretas
724 850 848 927 insula
865 852 1006 949 rumpit
1022 875 1156 947 equas.

292 965 386 1041 Haec
404 966 668 1055 fuitillndies,
683 966 721 1041 iu
740 990 817 1062 qua
834 965 1059 1042 Veientibus
1077 967 1175 1041 arvis
1275 971 1340 1040 195

341 1081 416 1159 ,Ter
432 1094 589 1159 cantune
606 1081 713 1156 Fabii
731 1092 789 1155 ter
805 1081 977 1156 cecidero
994 1083 1083 1158 duo.

295 1196 382 1271 Una
398 1198 532 1273 domun
546 1198 645 1272 vires
661 1207 702 1272 et
714 1221 809 1291 onus
829 1208 1049 1295 susceperat
1067 1199 1192 1273 urbis:

345 1313 512 1391 Sumuut
525 1312 687 1411 gentiles
705 1335 809 1388 arma
825 1312 997 1410 professa
1012 1337 1158 1407 manus.

293 1427 497 1526 Egreditur
514 1428 648 1503 cestris
667 1427 776 1501 miles
795 1452 1001 1523 generosus
1019 1430 1067 1504 ab
1084 1429 1229 1516 lsdem;

346 1543 379 1616 E
398 1547 483 1641 qula
500 1544 580 1616 dux
598 1543 677 1617 lieri
696 1544 855 1639 quilibet
873 1557 985 1642 aptus
1001 1557 1094 1620 erat.
1272 1550 1343 1618 200

330 1806 555 1855 toa-242.Faaat
572 1821 640 1854 sucro
654 1803 795 1854 etFobiase
846 1818 913 1858 entes
938 1818 964 1860 et
990 1810 1085 1860 sodales
1114 1810 1213 1859 luerint.
1261 1808 1347 1859 Sedu

296 1879 368 1929 cludit
393 1882 507 1929 memcm'o.
549 1878 655 1934 Fatum,
675 1877 745 1926 Latio
771 1888 796 1927 et
863 1885 927 1933 rimis
949 1883 979 1934 de
1001 1884 1087 1934 haere
1109 1883 1224 1948 legendas
1242 1882 1348 1935 Perisse.

296 1946 397 2000 ermae
412 1951 531 2018 proprium
548 1966 644 2000 numen.
677 1951 733 1999 Fuit
745 1950 797 2000 Pici
846 1901 871 1996 ln
883 1947 998 1997 Animad.
1014 1948 1079 1997 Hist.
1091 1964 1144 2014 cap.
1152 1948 1177 1997 5.
1187 1945 1229 1997 ubl
1237 1945 1349 2001 ostendit,

297 2022 370 2084 lilius,
390 2035 489 2091 quartus
503 2024 581 2076 Italia
598 2042 650 2083 rex,
668 2027 699 2076 ob
714 2026 800 2076 merita
847 2022 1009 2087 illotenupore
1021 2023 1060 2071 vix
1075 2022 1180 2072 omniurn
1189 2022 1297 2086 gentium
1308 2036 1347 2086 pa-

298 2098 323 2148 in
341 2115 391 2148 rem
409 2101 520 2148 rusticam
542 2100 605 2148 inter
620 2099 687 2148 Deos
702 2109 800 2165 agrestes
850 2095 969 2144 tricinrnru
987 2104 1020 2144 tot
1032 2096 1093 2145 uiros
1107 2096 1178 2144 luisse
1192 2094 1303 2144 militaris
1317 2110 1347 2142 se·

296 2172 394 2230 rdatun
405 2172 477 2221 etiarn
489 2181 556 2222 uates
569 2172 669 2236 insignis
686 2170 800 2232 habitan
851 2169 915 2225 tatis,
936 2169 1022 2218 nerlurn
1054 2169 1123 2219 unius
1145 2166 1243 2233 μύες
1265 2182 1348 2216 consu·

301 2245 403 2310 Dionys.
416 2245 497 2293 Helie.
508 2246 583 2305 i.2t;
600 2246 688 2312 Heynii
700 2245 800 2294 Excurs.
851 2243 914 2294 tues
933 2245 1027 2300 Fabios,
1044 2245 1155 2294 lllarcuro
1171 2252 1197 2292 et
1216 2242 1348 2296 Catonem.

300 2334 325 2367 v.
345 2318 376 2366 ed
396 2317 495 2367 AEueid.
511 2318 552 2366 vii.
579 2319 668 2367 Confer
687 2318 748 2367 inira
766 2317 800 2366 iii.
851 2317 896 2367 sibi
910 2318 1021 2368 sumsisse
1034 2318 1078 2366 hoc
1092 2316 1191 2370 bellurn,
1202 2329 1226 2365 et
1238 2332 1293 2364 vere
1305 2325 1349 2364 tre·

299 2390 353 2443 191
370 2404 425 2457 sqq.
457 2391 537 2441 Etiam
552 2407 581 2441 ex
602 2392 688 2442 Publio
704 2391 801 2440 Victore
851 2399 934 2440 centos
954 2407 995 2439 sex
1017 2391 1048 2440 ed
1076 2389 1136 2439 iilud
1158 2389 1281 2445 eduxisse.
1304 2402 1349 2438 aon

301 2473 403 2521 constat,
415 2463 532 2512 ininsula
544 2463 801 2530 templaluisseJovis,
852 2466 938 2531 plures,
950 2482 1026 2530 neque
1041 2475 1120 2516 tameo
1135 2464 1178 2514 hos
1195 2479 1279 2513 omnes
1293 2478 1348 2526 geu·

302 2535 436 2603 AEsculapii
454 2545 479 2586 et
498 2537 583 2588 Fauni.
625 2539 700 2586 Fauni
725 2537 801 2586 aedem
852 2539 904 2589 tiles
915 2555 977 2595 suos.
986 2540 1027 2588 sed
1037 2538 1165 2588 maximam
1176 2547 1268 2603 partem
1277 2537 1349 2586 elien·

302 2610 398 2662 AEdiles
424 2626 439 2659 e
461 2612 565 2676 pecunia
587 2611 717 2661 multau'tia
737 2611 800 2663 iece-
846 2623 903 2665 tes:
922 2614 976 2662 illos
992 2622 1073 2663 tamen
1089 2620 1171 2662 omnes
1186 2611 1259 2674 vulgo
1275 2610 1351 2659 dictos

303 2695 366 2739 runt.
381 2702 458 2750 eaque
473 2702 529 2734 ann.
541 2687 572 2734 U.
583 2686 612 2735 C.
623 2687 679 2735 509.
691 2685 802 2735 dedicata
852 2703 903 2736 esse
918 2688 1011 2742 Fabios,
1022 2686 1080 2751 qnia
1096 2686 1162 2734 Fabii
1178 2684 1271 2732 bellurn
1284 2683 1309 2732 in
1325 2698 1351 2732 ue

300 2769 344 2811 ast.
362 2760 413 2808 Lis.
425 2759 511 2809 xxxiii.
527 2761 574 2815 te;
591 2760 673 2809 xxxiv.
683 2761 725 2810 58.
760 2758 801 2808 ln·
853 2762 1004 2826 recepissent.
1032 2760 1167 2810 Secundum
1185 2759 1239 2809 Liv.
1251 2759 1283 2807 ri.
1296 2760 1317 2806 l.
1326 2757 1351 2806 id

301 2836 377 2891 setam
397 2832 463 2882 illam
482 2832 556 2882 Ouid.
574 2835 679 2883 Metam.
696 2850 735 2882 xv.
754 2833 801 2883 739
853 2836 991 2884 nonlds'hus
1001 2836 1113 2883 Februar.
1126 2831 1280 2888 lactum‚sed
1297 2840 1351 2880 aute

302 2923 357 2972 sqq.
370 2906 491 2956 describit.
509 2908 607 2970 Rumpit
616 2911 732 2964 discretas,
739 2924 802 2956 rum·
852 2909 916 2960 diem
936 2927 976 2959 xv.
997 2908 1103 2960 Kalend.
1118 2907 1229 2964 Sextiles,
1245 2920 1294 2971 quo
1314 2904 1353 2954 die

303 2980 339 3047 pit
356 2979 400 3035 sic.
418 2989 444 3041 ut
463 2981 642 3040 discernentem
660 2997 707 3030 uno
724 2982 803 3039 verbo,
852 2984 924 3033 etiarn
942 2984 973 3034 ad
984 2984 1073 3033 Alliam
1089 2982 1153 3032 loede
1167 2989 1300 3046 pugnatum
1314 2979 1353 3036 sit,

302 3054 425 3106 discernit.
450 3056 533 3106 Altera
544 3055 660 3104 Faunalia
669 3055 745 3104 Nonis
753 3056 803 3103 De·
852 3073 955 3122 eumque
977 3057 1094 3121 insignem
1115 3056 1149 3104 rei
1169 3053 1231 3103 nulli
1253 3052 1352 3118 usuale

302 3129 393 3181 cembr.
411 3130 552 3194 agebantur,
563 3143 640 3193 eaque
657 3128 743 3176 Horat.
755 3128 804 3177 111.
854 3131 937 3180 secisse
955 3140 1053 3180 veteres.
1091 3130 1169 3178 Veiens
1186 3143 1228 3193 pro
1245 3125 1353 3175 Veienti-

302 3203 352 3261 od.
365 3204 406 3252 ta.
417 3202 556 3252 celebravit.
854 3220 906 3261 nus,
917 3214 943 3253 ut
955 3205 1068 3260 harem,
1078 3199 1246 3252 Laurentious.

305 3328 309 3336 ,
337 3279 392 3328 195.
408 3278 447 3327 De
463 3277 507 3326 boc
519 3277 642 3326 Fabiorum
653 3292 709 3324 cum
723 3277 802 3325 Vaien·
888 3281 945 3339 198.
965 3279 1142 3344 professaque}
1156 3291 1183 3324 ss
1197 3274 1355 3340 promiserant

303 3353 362 3403 tibus
379 3351 443 3399 bello
461 3350 540 3398 conler
559 3350 660 3414 Dionys.
679 3348 803 3398 Halicarn.
852 3361 978 3402 sumturus.

301 3425 336 3481 is.
348 3425 443 3474 15-22
450 3440 459 3484 3
468 3424 522 3472 Liv.
530 3423 556 3471 ii.
567 3425 672 3472 18-50.
695 3424 725 3470 Et
736 3422 803 3471 alios.
888 3427 942 3474 199.
959 3427 1041 3473 Castra
1056 3422 1156 3473 hunius
1171 3420 1240 3470 intel.
1252 3420 1353 3469 Booten

303 3497 415 3562 Namque
426 3512 468 3544 an.
480 3497 551 3546 U-C.
562 3497 619 3546 275.
630 3511 704 3559 quum
716 3495 803 3544 Veiens
853 3501 937 3565 ipsam,
949 3509 991 3549 aut
1001 3498 1079 3547 locam
1095 3506 1150 3546 ente
1161 3494 1226 3544 edes
1240 3495 1354 3545 consulis.

301 3569 392 3628 bellurn
410 3570 509 3619 widuc
526 3568 610 3632 magis,
627 3584 699 3633 quam
718 3584 804 3632 magno
854 3574 931 3623 lmmo
950 3572 1033 3622 eadem
1051 3571 1143 3624 domus,
1161 3568 1254 3617 familis
1271 3568 1355 3617 eadem

301 3642 412 3709 1111111110
432 3652 521 3706 ‘gemla
542 3642 613 3692 Fabio
633 3658 692 3706 gens
712 3642 736 3691 id
753 3643 805 3692 sols
854 3648 921 3696 intel.
967 3647 1020 3695 Una
1040 3646 1127 3701 domas,
1146 3644 1244 3709 gentiles
1267 3660 1357 3699 manas

304 3718 417 3783 suscepit.
460 3718 516 3789 ⁸⁶².
528 3725 553 3766 et
581 3728 690 3766 trecentos
708 3717 803 3775 milites.
853 3726 930 3772 ιαάσηι
951 3731 1035 3776 caera,
1055 3721 1166 3769 eamdem
1191 3733 1240 3779 reru
1264 3727 1358 3780 urgent.

303 3806 384 3841 ⁰m¹¹0⁵
405 3790 525 3856 1111111101,
547 3807 629 3840 01111111
654 3791 723 3840 11111111
746 3808 803 3856 gen·
854 3798 933 3846 Etiam
953 3797 1005 3844 Liv.
1026 3802 1151 3859 “quorum
1173 3792 1290 3842 neminem
1311 3791 1357 3840 du·

302 3864 341 3922 tis,
357 3864 435 3913 Roma
455 3881 506 3914 asse
524 3865 651 3932 profectos,
677 3881 804 3931 omnesque
854 3886 906 3919 cem
933 3879 1053 3935 sperneret
1079 3866 1188 3931 egregius
1209 3864 1358 3930 quibuslibet

303 3937 478 3988 adCremeraru
493 3941 801 3992 casosaVeientibuscoo·
856 3945 1000 4010 temporibus
1022 3942 1142 3992 senatus.”
1170 3941 1210 3989 Sic
1231 3948 1257 3988 et
1273 3938 1358 3987 Silius.

193 4010 200 4017 ’
303 4022 393 4063 stanter
404 4022 495 4064 veteres
510 4015 616 4066 tradunt.
649 4018 750 4080 Dionys.
761 4015 804 4064 atl-
856 4019 895 4069 De
909 4018 984 4075 lonis.
999 4018 1052 4066 scil.
1067 4014 1247 4064 transitionibus
1261 4013 1359 4079 perviis,

302 4085 347 4143 dit.
378 4086 420 4135 hos
455 4105 534 4137 eccuni
566 4090 676 4140 eduxisse
705 4099 805 4154 quatuor
856 4101 880 4141 et
898 4093 992 4157 ternplia
1006 4091 1073 4146 lani,
1088 4089 1106 4137 i.
1119 4089 1178 4137 257.
1204 4087 1285 4138 Etiam
1298 4087 1359 4136 Cor·

304 4160 425 4212 hominum
441 4163 524 4221 millia,
535 4181 633 4228 quorum
650 4162 744 4229 plurimi
759 4163 802 4211 cli·
854 4169 959 4217 mentalis
970 4176 1037 4232 porta
1049 4164 1109 4216 duos
1120 4163 1225 4213 habebnt
1236 4161 1360 4219 transitus,
