2806 5018
355 107 615 175 PASTORUM
637 109 730 175 LIB.
753 109 823 175 111.
1048 113 1112 177 147

56 280 208 357 Thesea
224 281 421 381 culpabas,
440 281 690 380 fallacemque
708 285 789 381 ipse
807 284 989 358 rooabas:

106 394 261 471 Judicio
279 418 416 494 peccas
433 398 579 494 turpius
598 398 680 495 ipse
697 409 774 472 tuo.

59 510 120 586 Ne
137 511 235 585 sciat
251 511 322 585 hoo
341 511 558 610 quisquam,
571 515 773 610 tacitisque
790 515 983 588 doloribus
1002 540 1106 603 urar3

109 625 170 700 Ne
188 627 299 701 toties
317 626 395 700 fani
413 627 529 724 digua
545 629 661 704 fuisso
680 641 801 728 puter.
1033 633 1108 704 490

57 740 256 840 Praecipue
276 742 428 840 cupiam
445 744 558 817 celari
577 744 738 831 Thesea,
756 769 804 818 ne
820 755 858 818 te

109 856 334 930 Consortem
352 859 475 956 culpae
493 860 658 956 gaudeat
677 883 761 932 esse
780 882 870 931 suae.
961 896 964 903 ·

57 972 123 1059 At,
135 983 239 1071 puto,
252 973 454 1070 praeposita
470 985 530 1048 est
547 974 663 1048 suscae
682 973 773 1047 mihi
788 972 951 1048 candida
964 974 1105 1072 pellax.

109 1086 270 1162 Eveniat
288 1091 425 1161 nostris
444 1090 616 1164 hostibus
635 1091 697 1163 ille
716 1090 837 1163 color!
1032 1094 1106 1164 494

58 1200 162 1285 Quid
179 1214 306 1278 tamen
324 1204 394 1278 hoc
413 1205 550 1279 refert?
568 1205 658 1279 vitio
676 1205 746 1278 tibi
764 1206 901 1301 gratior
917 1204 1000 1303 ipso
1018 1215 1089 1278 est.

111 1316 213 1401 Quid
229 1317 349 1392 facis?
375 1322 572 1419 amplexus
590 1321 764 1417 inquinat
778 1321 844 1394 illa
859 1331 958 1393 tuos.

60 1432 227 1521 Bacche,
237 1433 351 1508 fidem
370 1446 530 1533 praesta3
551 1458 622 1508 noo
641 1435 774 1533 praeser
788 1435 978 1510 amoribus
991 1436 1107 1509 ullam

110 1548 295 1647 conjugis
312 1550 480 1627 adsueta
499 1575 649 1650 sempor
667 1575 791 1626 amare
808 1552 940 1626 virum.

58 1663 258 1762 Ceperunt
274 1675 431 1740 matrem
449 1666 602 1741 formosi
620 1690 760 1739 cornua
776 1665 874 1739 tauri
889 1693 898 1753 ;
1032 1669 1106 1739 499
1149 1708 1151 1719 ·

111 1777 178 1854 Me
197 1790 283 1856 tua:
307 1793 346 1856 at
363 1782 424 1856 hic
442 1784 545 1857 laudi
564 1793 644 1871 est3
666 1783 729 1855 ille
743 1781 944 1880 pudendus
963 1803 1079 1854 amor.

59 1893 123 1969 Ne
140 1906 288 1983 noceat,
306 1898 410 1994 quod
435 1921 542 1973 amo:
571 1921 696 1994 neque
719 1896 819 1970 enim
838 1895 920 1983 tibi,
942 1894 1107 1978 Bacche,

213 2012 386 2099 nocebat,

111 2124 224 2210 Quod
241 2127 412 2203 flammas
429 2128 539 2202 nobis
556 2128 678 2202 fassus
697 2153 738 2203 es
758 2128 840 2226 ipse
858 2137 956 2200 tuas.

59 2237 158 2328 Nec,
177 2241 280 2339 quod
298 2265 368 2316 nos
387 2242 476 2328 uris,
492 2243 628 2317 mirum
641 2241 756 2317 facis:
785 2253 890 2339 ortus
911 2241 949 2315 in
963 2240 1050 2339 igne

111 2354 273 2442 DiceriS,
292 2368 332 2430 et
348 2358 469 2456 patria
486 2370 617 2456 raptus
635 2359 683 2432 ab
701 2358 789 2455 igne
807 2381 932 2431 manu.

57 2469 131 2545 llla
144 2493 216 2567 ego
228 2495 326 2558 sum,
338 2473 398 2546 cui
412 2483 454 2547 tu
472 2472 604 2546 solitus
619 2473 837 2571 promittere
855 2471 1005 2546 coelum.
1034 2472 1107 2546 505

110 2585 185 2662 Hei
203 2588 307 2674 mihi,
322 2612 390 2687 pro
407 2589 503 2662 coeio
518 2590 645 2686 qualia
663 2588 763 2663 dona
780 2587 878 2663 sero!

60 2700 243 2778 Dixerat:
273 2705 428 2779 audibat
441 2705 667 2803 jamdudum
684 2705 799 2778 verba
815 2700 1009 2800 querentis

111 2816 237 2907 Liber,
256 2829 299 2892 ut
316 2843 338 2893 a
354 2832 460 2917 tergo
478 2819 573 2895 forte
592 2830 745 2894 secutus
765 2827 855 2891 erat.

58 2980 116 3030 Nou
125 2978 195 3030 video
209 2996 298 3045 quare:
315 2981 463 3046 dotet,quod
478 2981 514 3032 bis
530 2979 562 3030 si·
616 2976 743 3043 Pasiphuii,
769 2983 844 3023 mater
871 2970 983 3021 Ariadna
1011 2967 1109 3051 tutavit,

59 3052 149 3102 russitat
158 3052 261 3118 decepta
269 3054 318 3120 jam
329 3055 413 3104 iterum
423 3057 499 3104 eodem
509 3070 560 3102 ver·
612 3052 675 3102 uude
689 3049 851 3098 Minotaurum
866 3042 957 3111 peperit
965 3058 983 3104 ς’
991 3042 1109 3126 Hyginus,

58 3127 88 3174 δι
104 3125 171 3192 loqui
188 3135 295 3190 cogatur.
330 3125 366 3175 Ne
387 3131 452 3186 reiut,
470 3126 561 3176 utinam
612 3124 662 3174 sab.
675 3122 715 3171 40.
747 3113 1110 3183 Depudsndoilloumorevrde

60 3197 320 3248 boeuemoreteitctt.
612 3197 712 3247 Metam.
723 3194 772 3244 viii.
786 3195 840 3242 tat.
873 3193 911 3241 De
929 3190 1033 3238 comibus
1047 3188 1110 3236 Baa-

94 3273 153 3322 498.
170 3271 293 3338 Desinere
306 3273 373 3322 Indis
383 3273 439 3322 vide
457 3274 488 3322 ad
506 3273 559 3322 Me·
612 3270 651 3320 chi
672 3270 763 3318 dictum
779 3266 810 3316 td
826 3267 927 3314 Metam.
944 3262 977 3312 ir.
993 3263 1031 3310 19.
1064 3259 1111 3310 Sed

60 3344 214 3395 taniam.
237 3346 338 3396 colorati
349 3357 464 3397 vocantur
474 3349 562 3412 Georg.
612 3344 652 3393 bie
672 3342 756 3408 incipit
777 3350 852 3407 poeta
879 3337 1000 3402 ingenium
1022 3334 1112 3414 luxuri·

59 3419 165 3470 inm.
193 3418 291 3470 Ftttoaat
307 3428 387 3470 tutem
405 3436 467 3470 nuuc
485 3435 560 3469 sero·
612 3432 669 3480 ιω
696 3417 783 3481 cuique
804 3413 868 3462 enim
888 3426 994 3476 persone
1019 3409 1112 3474 propria

59 3500 112 3550 cat,
128 3493 167 3541 rel
181 3490 276 3560 pellicis
294 3495 394 3544 colorem
412 3494 457 3543 sibi
475 3492 562 3542 ironice
612 3491 701 3556 ubique
712 3488 842 3545 admiscere
856 3485 934 3551 gestit.
968 3483 1035 3532 Idem
1047 3481 1112 3565 valet

59 3566 177 3623 uibuena
197 3566 237 3616 rel
258 3565 327 3615 iilum
341 3568 440 3633 fuscum
461 3567 562 3615 colorem
613 3564 644 3612 de
659 3578 711 3627 sqq.
727 3573 790 3610 ortua
808 3565 833 3608 in
849 3563 969 3624 ignaetc.
1002 3556 1113 3621 Respicit

52 3635 205 3702 intulligeus.
224 3654 295 3702 quem
314 3638 402 3689 Noster
420 3640 455 3690 11.
472 3639 563 3688 Amorr.
613 3647 693 3686 tutem
715 3636 762 3685 fab.
780 3651 828 3701 qua
843 3633 937 3682 Semele
956 3630 1021 3687 arsit,
1038 3642 1112 3694 (inum

56 3711 93 3761 iv.
104 3712 148 3760 49.
158 3710 233 3761 etiam
245 3711 271 3761 in
281 3712 397 3764 Romanis
412 3713 497 3780 puellis
511 3714 562 3762 ltu·
612 3711 708 3778 Jupiter
723 3710 821 3760 fulmine
838 3715 942 3757 umatus
953 3703 1112 3760 intraremus

57 3786 111 3836 dut.
147 3784 259 3849 tuq-inat
275 3789 398 3850 amplexat,
413 3797 492 3854 turpes
508 3794 564 3836 suut
614 3795 693 3834 autem
708 3785 872 3850 imperfectum
884 3779 974 3829 Bacchi
986 3792 1071 3843 eorpus
1081 3790 1110 3825 er

57 3861 112 3924 05⁰⁸
123 3858 256 3922 'mistam-
613 3869 679 3909 utero
690 3859 769 3924 rapuit
776 3875 783 3918 ς
800 3859 900 3906 Metam.
911 3853 948 3901 iii.
960 3854 1016 3902 999.
1025 3866 1078 3915 sqq.

93 3932 255 3982 toabam
264 3934 481 3992 touri,taurusiile,
492 3949 562 3999 quem
646 3936 693 3982 507
708 3949 761 3997 sqq.
777 3930 859 3980 Simiie
872 3929 1009 3992 figmentum
1027 3924 1052 3972 ii.
1063 3923 1110 3971 769
