2806 5018
353 363 408 427 ΙΝ
433 362 597 429 ovrnrr
619 337 810 430 russos.
1043 367 1112 434 ars

99 533 173 601 Sed
188 534 223 600 iu
238 535 359 601 ovidio
381 537 478 601 etiam
502 547 568 602 tnm
590 537 787 613 illustrando,
803 547 878 602 tum·
893 538 1109 605 confirmando

52 656 184 720 magnae
200 638 270 722 ejus
291 647 398 723 partes
413 649 499 715 sunt,
515 641 555 704 ad
576 663 669 705 suum
691 642 811 725 ubique
833 641 938 706 locum
956 643 1110 708 insubsi-

51 739 315 806 diumvocandoe
325 752 348 806 Ρ.
393 743 441 809 Η.
457 744 477 807 l.
493 746 641 828 quaedam
661 745 733 829 ejus
749 743 819 809 loca
835 745 1026 830 pertingam,
1042 747 1110 824 ubi,

51 860 135 926 qnae
153 843 279 909 diverse
300 846 339 909 ab
361 845 472 910 O-vidii
490 847 688 931 aliorumque
709 847 900 911 auctoritate
922 848 1031 924 tradit,
1045 871 1111 914 non

53 946 266 1012 tan-diverso
283 969 349 1012 snae
365 949 469 1013 [etatis
483 950 574 1025 mori,
591 971 687 1033 quam
703 950 802 1014 turbis
818 950 942 1032 abipso
959 952 1110 1036 compile-

55 1055 130 1111 tnre
146 1046 290 1133 ingestis,
306 1051 371 1125 ubi,
384 1074 457 1136 quae
472 1053 512 1115 ad
530 1051 638 1134 plures
651 1052 866 1134 pertinebant,
882 1052 915 1115 in
930 1074 1025 1116 uuam
1040 1075 1111 1119 rem

54 1151 254 1226 cumulabat,
271 1154 446 1218 tribuerim.
493 1155 662 1238 Ejusmodi
684 1155 788 1218 locum
809 1155 877 1238 jam
899 1154 941 1218 ad
962 1155 1051 1220 Fert.
1066 1157 1111 1222 iv.

52 1254 135 1321 ωδ.
159 1254 343 1322 exhibuisse
369 1259 445 1323 mibi
471 1261 558 1323 visus
582 1281 665 1324 sum.
709 1258 923 1323 Probabiliter
949 1258 1011 1322 buc
1035 1280 1109 1343 per-

56 1357 153 1432 tinet,
178 1380 261 1443 qum,
286 1382 318 1444 p.
334 1360 389 1424 71.
412 1363 454 1425 de
480 1361 705 1425 Parentalibus
730 1361 873 1426 exhibet
918 1361 1015 1425 Bene
1036 1383 1111 1426 cum

56 1462 181 1529 Ouidio
203 1463 338 1548 aliisque
360 1466 521 1540 convenit,
543 1467 570 1528 si
593 1467 634 1529 cb
660 1466 779 1530 Manes
803 1464 976 1547 placandos
996 1466 1036 1528 ab
1057 1464 1109 1529 Id.

55 1564 158 1630 Febr.
173 1564 252 1629 hora
270 1573 363 1631 sexta
383 1588 485 1652 usque
505 1568 546 1631 ad
563 1567 628 1631 viii.
645 1568 722 1632 Kal.
739 1567 839 1632 Mart.
861 1588 953 1631 sacra
970 1587 1109 1644 cessare,

54 1676 96 1732 et
113 1669 276 1753 principes
299 1671 422 1753 privato
445 1670 555 1736 babitu
575 1671 726 1735 incedere
747 1671 836 1733 dicit.
859 1670 960 1733 Ovid.
975 1669 1061 1733 enim
1076 1668 1110 1734 ii.

53 1770 143 1835 5⁶7:
165 1771 234 1835 Nec
257 1781 361 1836 tamen
380 1772 448 1838 ltaec
468 1773 568 1848 ultra,
583 1796 679 1860 quum
703 1782 751 1836 tot
770 1772 808 1836 de
827 1793 927 1835 nume
947 1771 1111 1856 mpcrciat

55 1872 215 1959 Luciferi,
230 1884 307 1960 quot
327 1874 442 1940 habeut
460 1878 604 1940 carmina
622 1885 735 1940 nostru
748 1875 856 1962 podes.
905 1872 1027 1938 Ultima
1034 1874 1110 1958 plc-

56 1973 170 2039 candis
184 1976 336 2040 Manibus
353 1977 411 2041 illa
432 1978 518 2050 dies,·
540 1979 626 2063 quod
647 1979 729 2042 bene
749 1999 784 2041 se
805 1975 943 2040 invicem
963 1975 1110 2040 illustrat

58 2077 129 2142 Sed
156 2078 211 2142 vix
240 2078 301 2142 buo
330 2080 480 2163 pertinet,
506 2082 595 2164 quod
619 2081 725 2145 statim
752 2078 926 2164 subjungit,
951 2085 1110 2142 matronas

59 2177 225 2244 Romanas
249 2202 288 2244 eo
312 2183 488 2265 procedere
512 2182 687 2266 pudicitie,
709 2182 800 2245 utin
824 2180 955 2255 balneis,
978 2200 1020 2243 ne
1041 2166 1121 2263 ple?

58 2282 142 2347 boiis
159 2284 344 2348 mulieribus
360 2286 565 2361 misceantur,
581 2285 795 2370 peculiaribus
815 2283 892 2347 locis
907 2288 1110 2369 (perpetuata)

58 2394 210 2461 ntentnr;
233 2408 306 2451 uam
326 2387 358 2451 in
378 2388 603 2453 Parentalibus
624 2388 818 2452 lavationum
837 2386 957 2450 nullam
976 2384 1110 2448 mantio-

59 2509 135 2553 nem
155 2511 290 2573 usquam
310 2490 393 2574 legi;
416 2492 587 2555 referende
604 2500 713 2555 autem
728 2489 797 2553 baec
819 2497 895 2552 ncta
910 2487 995 2552 baud
1011 2486 1110 2552 dubie

59 2591 157 2656 add.
178 2591 346 2676 lAprilis‚
370 2594 424 2656 ubi
447 2595 627 2659 humiliores
652 2595 749 2658 ctiam
762 2592 904 2678 seminar
929 2592 961 2655 in
988 2590 1110 2656 balneis

59 2692 163 2757 lavari
177 2714 287 2758 omnes
301 2705 463 2760 annotant.
487 2697 571 2784 Lyd.
587 2697 641 2760 91.
662 2697 793 2763 Verrius
806 2695 852 2758 ud
865 2696 882 2757 l
897 2695 1006 2781 April.
1052 2693 1110 2757 Sa-

59 2794 215 2859 crificium
230 2797 370 2880 denique
385 2809 598 2862 matronarum
618 2800 650 2862 in
668 2799 817 2861 honorem
833 2796 929 2859 Bruti
943 2805 1031 2860 certo
1047 2816 1111 2859 non

61 2907 127 2961 tem
143 2899 185 2962 ad
201 2898 284 2962 bunc
305 2901 401 2976 diem,
420 2923 515 2985 quam
533 2902 574 2966 ad
590 2900 802 2985 Regifugium
817 2900 850 2963 d.
865 2898 910 2962 24
924 2898 1022 2962 Febr.
1038 2920 1110 2981 per-

61 3001 178 3074 tinere,
199 3001 335 3084 quisque
357 3003 457 3078 videt,
473 3025 505 3085 p.
518 3003 590 3067 101.
613 3004 669 3066 ubi
690 3004 818 3088 Lydus:
841 3012 924 3085 «pen,
939 3010 965 3065 u
981 3010 1052 3083 ἑορτὴ
1066 3014 1111 3064 τοῦ

61 3112 149 3168 Maiora
161 3114 375 3189 vapd‘l’epalcrr
387 3119 417 3170 al
429 3118 484 3190 περὶ
498 3121 612 3188 occepit
626 3113 737 3181 ἱκεσίαις
759 3101 964 3168 commutatio
985 3100 1113 3196 vitietur

61 3225 136 3268 cum
153 3202 295 3268 Kalend.
308 3205 387 3270 Jun.
401 3207 442 3271 nd
460 3228 539 3290 quas
552 3206 769 3289 Tempestatis
784 3204 881 3269 serias
895 3201 995 3266 refert
1009 3201 1109 3266 Ovid.

61 3306 104 3370 ri.
117 3305 194 3370 191.
239 3307 379 3372 Nonnisi
393 3309 434 3372 de
455 3309 561 3391 priore
575 3307 598 3373 J
600 3308 667 3371 unii
683 3316 784 3392 parte,
800 3306 858 3371 sed
874 3306 917 3370 de
932 3312 999 3368 toto
1023 3303 1111 3367 Maio

61 3408 201 3473 Ovidius
215 3410 323 3484 edicit,
339 3413 425 3494 quod
440 3412 550 3496 Lydus
566 3412 608 3474 de
625 3420 691 3474 toto
701 3410 725 3476 J
727 3410 812 3484 uuio,
828 3407 911 3472 male
926 3407 970 3469 ibi
985 3405 1126 3489 nuptias-

59 3509 143 3584 fierl,
158 3511 276 3594 p.107.
296 3526 307 3577 i
326 3523 352 3577 δὲ
371 3524 468 3589 Ἰούνιος
485 3525 535 3597 μὴν
548 3523 718 3592 ἀνεπιτήδειος
733 3522 790 3599 πρὸς
807 3523 914 3595 γάμους,
931 3507 1113 3572 differentia

58 3635 78 3676 e
95 3614 231 3677 duorum
246 3615 402 3678 mensium
418 3615 653 3699 permutatione
667 3614 752 3677 baud
769 3613 866 3677 dubie
882 3619 966 3676 nata

106 3712 176 3778 ΙΙΙ.
201 3714 242 3777 In
263 3716 370 3780 multis
390 3717 597 3801 scriptoribus
618 3717 714 3780 etiam
734 3737 874 3780 nummos
893 3737 954 3778 uon
973 3735 1044 3778 raro
1064 3713 1111 3776 in·

56 3818 153 3901 signe
169 3815 440 3902 interpretationis
455 3829 490 3883 et
503 3819 720 3884 illustrationis
735 3818 909 3883 subsidium
925 3839 1008 3891 esse,
1026 3814 1112 3899 apud

88 4072 103 4106 v
120 4065 150 4114 P.
161 4066 204 4114 91.
220 4064 251 4114 de
269 4065 407 4115 mulieribus
424 4067 468 4114 sub
485 4073 561 4129 myrto
611 4063 660 4121 riis,
671 4072 697 4114 et
710 4063 829 4113 acinorum
839 4060 1025 4111 coronandorum
1039 4072 1102 4106 more

55 4139 135 4191 lavari
145 4139 240 4199 solitis,
256 4157 279 4206 p.
288 4142 343 4191 107.
354 4141 384 4190 de
399 4141 513 4207 pistorum
526 4141 561 4189 le·
611 4146 661 4188 etc,
