2806 5018
172 366 237 431 33)

469 363 507 427 P.
532 361 692 427 0V1Dll
718 360 931 426 NASONIS

175 537 263 612 Heu
282 549 465 636 quantum
483 535 640 610 timuere
659 534 806 621 Patres,
826 560 902 634 quo
919 544 1098 634 tempore
1114 535 1221 611 Vesta

226 654 341 739 Arsit,
360 664 400 727 et
416 663 475 726 est
492 651 616 751 adytis
633 653 769 726 obruta
786 674 892 750 pene
910 651 1013 724 suis!

176 771 404 868 Plagrabant
421 769 542 843 sancti
559 768 752 842 sceleratis
770 768 1076 864 ignibusignes;

227 885 426 984 Mixtaque
440 895 521 958 erat
536 885 696 957 flamme
711 884 864 957 flamma
879 883 1038 982 profana
1055 884 1145 983 piae.
1155 888 1219 957 440

176 1003 368 1077 Adtonitae
384 1003 537 1086 flebant,
556 1001 721 1074 demisso
740 1001 854 1085 crine,
873 1000 1085 1076 ministrae:

226 1118 445 1191 Abstulerat
460 1117 556 1190 vires
575 1115 741 1214 corporis
759 1116 841 1214 ipse
857 1116 980 1191 timor.

177 1234 354 1308 Provolat
370 1235 409 1306 in
427 1233 605 1318 medium,
625 1243 664 1304 et
681 1255 830 1328 magna,
852 1231 1087 1321 Succurrite,
1107 1257 1203 1317 voce,

227 1350 315 1423 Non
333 1360 392 1423 est
409 1349 591 1423 auxilium
608 1346 712 1432 flere,
732 1345 911 1420 Metellus
929 1347 1005 1423 ait:

177 1466 342 1562 Pignora
358 1463 530 1561 virgineis
549 1462 678 1538 fatalia
693 1461 813 1536 tollite
831 1463 979 1560 palmis,

1152 1468 1213 1538 stt

227 1581 315 1655 Non
333 1604 379 1654 ea
395 1591 484 1653 sunt
500 1591 599 1666 voto,
619 1579 686 1652 sed
705 1578 884 1677 rapienda
899 1603 1031 1654 mann.

179 1696 245 1771 Me
263 1697 460 1771 miserum!
487 1695 694 1770 dubitatis?
722 1696 795 1770 ait:
824 1695 999 1771 dubitare
1018 1697 1179 1784 videbat,

227 1814 279 1890 Et
295 1815 449 1913 pavidas
467 1814 592 1912 posito
610 1813 854 1912 procubuisse
870 1836 984 1909 genu.

178 1931 314 2006 Haurit
331 1954 470 2029 aquas3
498 1930 710 2027 tollensque
727 1953 874 2019 manus,
893 1927 1105 2025 Ignoscite,
1118 1928 1211 2010 dixit,

229 2048 369 2122 Sacra:
398 2047 452 2120 vir
470 2047 616 2120 intrabo
633 2070 707 2119 non
727 2046 900 2121 adeunda
915 2046 1007 2122 viro.

1150 2049 1210 2120 450

180 2164 222 2237 Si
240 2165 363 2237 scelus
382 2172 454 2247 est,
473 2163 512 2235 in
530 2186 590 2235 me
609 2161 798 2235 commissi
815 2186 928 2261 poena
944 2163 1155 2238 redundet:

230 2279 290 2352 Sit
307 2278 441 2376 capitis
458 2279 596 2353 damno
616 2279 739 2352 Roma
755 2279 878 2353 soluta
894 2279 982 2353 mei.

179 2396 300 2483 Dixit,
320 2407 358 2468 et
376 2395 528 2493 irrupit:
559 2395 698 2469 factum
717 2396 789 2470 dea
807 2407 914 2495 rapta
932 2398 1130 2494 probarim

227 2509 498 2607 Pontificisque
516 2511 574 2584 sui
593 2535 747 2584 munere
764 2523 847 2586 tuta
862 2511 945 2585 suit.

209 2727 266 2774 437.
283 2727 320 2776 De
333 2727 376 2777 hoc
388 2728 496 2777 incendio
505 2739 607 2795 tempore
615 2732 673 2781 belli
694 2780 697 2787 ,

177 2801 262 2850 Punici
279 2803 385 2858 secundi.
401 2804 469 2852 etde
485 2805 579 2854 Metelli
595 2807 673 2856 studio

177 2875 286 2924 servandi
317 2877 452 2926 Palladium
483 2880 544 2929 cont
572 2878 673 2945 Dionys.

177 2948 257 2998 Halic.
265 2950 289 2998 ii.
297 2951 343 3010 66,
360 2951 420 3000 Livii
429 2953 532 3017 Epitom.
543 2954 588 3013 l9;
600 2956 672 3004 Vale·

177 3025 236 3073 rium
248 3025 349 3074 Maxim.
357 3026 375 3074 i.
387 3030 402 3074 4
412 3045 418 3086 ;
428 3029 551 3086 Senecam,
564 3030 674 3080 Controv.

177 3098 211 3146 iv.
223 3101 254 3158 2;
272 3099 335 3149 Plio.
347 3100 436 3150 Histor.
451 3102 536 3153 Natur.
549 3104 589 3152 vii.
603 3106 642 3153 43.
655 3121 674 3153 s.

177 3173 217 3222 45.
252 3176 405 3241 Plagrabant,
417 3185 465 3226 etc.
484 3180 562 3226 Lusus
571 3178 674 3244 ineptus,

177 3249 219 3298 sed
228 3250 316 3298 Ouidio
327 3261 511 3301 consentaneus.

209 3325 266 3373 441.
297 3325 408 3374 Minium
437 3327 500 3391 apud
531 3325 673 3393 Dionysium

178 3398 279 3462 fugiunt.
312 3400 340 3446 L.
359 3400 470 3449 eecilius
492 3402 606 3457 llletellus,
624 3402 675 3466 qui.

177 3472 411 3537 Carthaginiensibus
428 3474 452 3523 in
469 3475 550 3525 Sicilia
566 3476 674 3533 devictis,

181 3547 235 3594 lau.
256 3547 396 3612 elephantos
417 3547 441 3596 in
463 3549 581 3616 triumpho
598 3550 674 3608 duxit,

176 3618 282 3682 pontifex
299 3621 416 3670 maximus
430 3631 488 3679 erat,
498 3623 599 3688 ideoque
613 3641 672 3690 pre-

177 3691 253 3741 fectus
264 3694 401 3746 Vestalibus
414 3704 438 3745 et
450 3698 529 3746 Vestae
541 3698 623 3747 sacris.
641 3701 673 3756 Is,

177 3767 286 3829 neglecta
296 3783 339 3816 sua
353 3769 438 3826 salute,
450 3771 560 3819 utilitatis
573 3773 673 3837 publicae

177 3854 260 3892 causa.
270 3855 362 3889 summo
372 3857 427 3889 cum
439 3844 544 3907 periculo
556 3855 592 3893 est
603 3862 674 3895 ausus

176 3913 200 3961 in
209 3912 295 3963 ardens
302 3917 423 3979 penetrale
434 3918 560 3981 irrumpere
572 3928 596 3967 et
606 3936 674 3969 sacra

177 3985 271 4036 deserta
284 4003 299 4036 a
310 3988 440 4053 virginibus
454 4008 483 4040 ex
500 3992 551 4057 ipso
564 3992 674 4043 incendio

175 4061 273 4127 cripere.
306 4064 396 4128 Magno
406 4081 445 4117 vor
457 4075 493 4113 est
506 4067 586 4125 clara5
603 4068 675 4116 etiam

177 4137 241 4202 apud
249 4137 351 4194 Livium,
360 4139 376 4187 i.
384 4141 425 4187 43.
437 4141 531 4190 Servius
539 4158 579 4190 ren
587 4143 676 4192 clamat

177 4230 261 4277 magua
282 4231 339 4263 vocs.
376 4215 415 4264 De
435 4218 566 4281 pignoribus
586 4220 676 4280 imperii

723 2731 778 2781 vids
796 2731 830 2781 iii.
849 2734 905 2781 422.
933 2733 1039 2790 Fatalis,
1056 2734 1122 2784 unde
1139 2732 1213 2800 pendet

722 2806 798 2854 tatum
808 2806 910 2871 imperii.

755 2882 812 2929 449.
830 2881 919 2930 Hartrit
936 2897 1016 2945 aquea
1033 2882 1126 2946 quibus
1141 2897 1168 2930 se
1185 2881 1216 2928 lu·

722 2963 807 3003 straret
818 2965 881 3011 anta,
892 2970 964 3019 quam
976 2970 1047 3004 sacra
1058 2955 1145 3006 adiret.
1166 2955 1215 3002 Vua

723 3028 826 3077 interdiu
837 3030 935 3094 patebat
946 3029 1062 3094 templum
1072 3032 1154 3080 Veste
1165 3048 1171 3089 ;
1182 3025 1216 3076 ssd

725 3102 755 3151 ad
771 3103 822 3168 ejus
835 3102 919 3153 intima
931 3112 1059 3168 penetrare
1075 3120 1108 3153 ne
1120 3100 1215 3170 pontiid

724 3176 822 3241 quidem
842 3179 944 3226 maximo
966 3178 1070 3239 licebst;
1095 3177 1216 3243 Dionysias

724 3252 848 3301 Halicarn.
864 3252 929 3301 dicto
945 3252 1015 3313 loco,
1033 3253 1090 3302 binc
1108 3254 1217 3303 hinnu

725 3326 741 3372 i.
755 3328 811 3374 ⁵03.
824 3327 854 3375 de
873 3326 982 3376 Vestali:
1004 3334 1022 3355 ‘¹
1037 3328 1167 3393 Trojsnsrn
1180 3323 1216 3374 soli

725 3400 763 3448 cui
775 3400 811 3448 las
822 3400 907 3449 uidisse
918 3401 1083 3450 Minervam.”

758 3476 815 3523 453.
833 3472 964 3536 lrrompers
979 3477 1082 3524 verbum
1099 3478 1125 3523 in
1139 3475 1181 3523 bac
1195 3483 1215 3518 rt

725 3548 852 3614 proprium,
870 3556 896 3596 ut
910 3548 980 3598 docet
997 3549 1168 3609 Burmannus,
1181 3543 1215 3596 rui

725 3624 817 3683 eripuit,
829 3625 938 3683 arripuit.
963 3624 1055 3672 Passus
1065 3621 1214 3673 estMetellrt

724 3696 749 3744 id
760 3695 850 3752 damni,
861 3705 888 3744 ut
899 3695 1011 3745 incendio
1022 3714 1093 3747 usum
1104 3698 1213 3747 oculoruss

725 3771 858 3831 amitteret,
875 3772 917 3820 sed
933 3781 1031 3821 senatus
1046 3773 1071 3821 id
1086 3784 1213 3838 compensa·

725 3847 759 3894 vit
774 3846 867 3910 magnis
883 3846 1021 3903 bonoribus,
1039 3863 1101 3912 quos
1117 3841 1227 3908 Dionysii,

725 3920 803 3969 adbuc
824 3931 895 3970 etate
918 3930 997 3971 statua
1015 3921 1041 3970 in
1063 3915 1212 3989 Capitolioti

725 3995 799 4058 posita
812 3997 941 4045 testabatur
950 4014 957 4055 ;
978 3997 1071 4046 Plinius
1081 3997 1146 4046 dicto
1156 3996 1210 4043 toeo:

725 4078 741 4097 ‘¹
752 4070 846 4118 Tribuit
863 4070 885 4119 ei
902 4071 1003 4136 populus
1020 4071 1145 4121 Romanu
1160 4062 1210 4133 qutd

726 4160 847 4208 nunquam
858 4145 901 4193 ulli
913 4144 955 4194 alii
966 4146 998 4194 ab
1010 4145 1107 4196 condito
1116 4160 1173 4197 nro,
1183 4150 1209 4190 ¹¹¹,

726 4218 818 4282 quoties
827 4219 853 4269 in
864 4228 973 4270 sennam
983 4220 1038 4280 iret,
1048 4236 1118 4271 cnrru
1129 4218 1208 4268 robert·
