2806 5018
183 359 250 427 tvs
476 358 516 423 Ρ.
541 356 702 425 OVIDII
726 356 940 424 NASONIS

183 532 309 619 Nunc,
328 554 404 629 quo
423 529 619 605 Battiades
637 530 830 606 inimicum
848 531 1012 605 devovet
1027 529 1132 618 Ibin,
1185 532 1225 603 55

230 645 315 720 Hoc
333 670 402 743 ego
419 644 585 719 devoveo
598 656 715 744 teque
733 656 899 741 tuosque
916 645 1047 717 modo.

181 761 312 858 thue
328 761 404 847 ille,
423 761 587 834 historiis
606 760 790 834 involvam
807 758 977 833 carmina
993 747 1134 834 caecis:

230 876 317 950 Non
335 877 476 949 soleam
494 875 665 972 quamvis
684 876 755 948 hoc
773 899 893 970 genus
912 875 996 972 ipse
1015 875 1143 973 sequi.

178 990 286 1065 Illius
305 990 481 1085 ambages
500 989 667 1063 imitatus
685 989 724 1062 in
743 988 854 1063 Ibide
871 989 991 1076 dicar,

229 1106 381 1179 Oblitus
398 1104 511 1179 moris
524 1105 737 1202 judiciique
754 1104 842 1180 mei.
1184 1108 1226 1177 60

180 1221 233 1297 Et
248 1220 438 1318 quoniam,
459 1219 523 1315 qui
543 1219 607 1305 sis,
623 1219 790 1292 nondum
808 1219 1074 1316 quaerentibus
1092 1221 1177 1305 edo,

229 1335 349 1410 Ibidis
366 1334 510 1407 interea
527 1344 568 1406 tu
586 1357 740 1431 quoque
758 1357 896 1408 nomen
913 1334 1027 1408 habe.

180 1451 311 1550 thue
327 1449 401 1522 mei
419 1472 547 1522 versus
567 1449 800 1546 aliquantum
819 1449 940 1523 noctis
959 1450 1173 1537 habebunt,

231 1565 296 1638 Sic
313 1565 397 1636 vitae
416 1563 531 1637 series
549 1574 628 1637 tota
645 1565 696 1637 sit
712 1574 793 1637 atra
809 1576 896 1637 tuae.

179 1678 274 1754 Haec
291 1677 359 1752 tibi
378 1677 493 1750 natali
512 1677 612 1765 faxo,
632 1677 655 1750 J
658 1679 797 1776 auique
811 1678 997 1766 kalendis
1182 1683 1225 1752 65

230 1795 267 1868 N
269 1820 318 1869 on
335 1793 540 1868 mentituro
557 1795 718 1891 quilibet
736 1818 800 1867 ore
817 1795 933 1891 legat.

179 1911 231 1986 Dl
247 1910 361 1986 maris
378 1918 417 1981 et
434 1918 563 1982 terrae:
593 1909 737 2006 quique
754 1909 813 1983 his
831 1910 987 1983 meliora
1003 1911 1150 1985 tenetis

229 2026 333 2101 Inter
350 2024 516 2098 diversos
534 2047 622 2097 cum
639 2024 733 2100 Jove
751 2050 868 2124 regna
884 2026 1017 2124 polos;

210 2243 251 2291 65.
267 2238 406 2302 Battiades]
429 2238 600 2295 Callimachus,
617 2239 674 2303 quie
757 2242 796 2290 65.
809 2240 879 2298 Fauo,
889 2239 1012 2290 minentis.
1029 2240 1088 2290 Her
1098 2243 1143 2290 tibi
1150 2242 1226 2290 nat-tt

177 2315 228 2374 atta
242 2312 338 2364 Βάττου
351 2314 393 2361 καὶ
406 2310 546 2377 Μεσάτμας,
559 2320 586 2360 ut
600 2311 674 2360 estin
724 2313 865 2378 Priusquam
877 2315 943 2362 Naso
956 2314 1023 2362 Deos
1039 2314 1175 2362 invocnndo
1185 2313 1224 2363 nbi

177 2388 261 2439 Suidn.
294 2386 344 2435 Alii
365 2386 470 2434 antto
490 2401 552 2450 rege,
571 2385 675 2449 Cyrenes
724 2387 843 2444 conciliet,
861 2387 917 2436 Ibin
934 2397 1026 2444 monet,
1042 2398 1072 2436 nt
1087 2387 1164 2437 nauli
1179 2402 1224 2443 suo,

178 2461 306 2516 conditore,
328 2459 363 2507 iu
389 2469 499 2507 vocatum
527 2459 619 2516 volunt,
651 2468 675 2507 et
724 2460 878 2526 kalendisqne
897 2459 1024 2525 januariis,
1048 2460 1092 2509 hes
1113 2463 1224 2527 impieta·

176 2536 325 2599 Cyrenenses
347 2546 428 2579 omnes
449 2529 567 2580 Battiades
589 2531 674 2580 dictos.
725 2534 911 2598 tioneanuovis
920 2533 977 2598 legi,
988 2533 1086 2599 sibique
1095 2550 1140 2600 pro
1148 2534 1224 2583 lunens

177 2608 239 2657 ibin.
257 2603 410 2670 Apollonium
429 2603 558 2653 Rhodium.
592 2605 673 2653 loimi-
725 2607 932 2673 imprecationibus
960 2606 1058 2657 recitari
1086 2619 1164 2664 curet,
1182 2622 1223 2672 qno

175 2699 237 2732 cum.
270 2679 335 2727 Nam
353 2692 425 2740 quum
443 2675 525 2724 fuisset
543 2675 674 2741 discipulus
724 2681 777 2730 scil.
789 2681 817 2729 iis
827 2680 910 2729 diebu
921 2681 1222 2745 pronuncintn,certiorern

176 2750 326 2806 Callimachi,
340 2750 487 2814 multotum
503 2759 673 2814 apraeceptore
724 2755 850 2820 perniciem
861 2753 1013 2818 portendant.
1042 2755 1145 2803 Veteres
1155 2754 1220 2806 enim.

175 2834 308 2892 occeperat,
321 2839 363 2889 pro
379 2825 427 2872 suis
441 2826 585 2872 ostentabat.
600 2825 672 2874 Duru.
724 2829 839 2893 quidquid
851 2828 934 2876 ominis
945 2828 1012 2884 mnli,
1024 2830 1172 2893 temporibus
1182 2828 1222 2875 illis

177 2904 276 2952 Devovet
287 2898 348 2946 Ibin.
375 2897 430 2944 Non
439 2898 514 2945 solum
525 2907 617 2962 propter
628 2898 672 2945 im·
724 2903 830 2949 nuditum
850 2901 941 2957 luisset,
962 2900 1041 2948 dirum
1064 2902 1146 2949 nescio
1166 2899 1221 2965 quod

175 2976 302 3042 puritatem
311 2981 336 3020 et
347 2971 484 3036 spurcitiem
497 2972 570 3036 ipsius
583 2972 671 3035 signifi·
722 2975 820 3022 exitium
848 2974 931 3022 minari
959 2974 1101 3023 credebant.
1140 2974 1220 3022 Contrr

176 3048 287 3103 eandam,
300 3045 355 3094 Ibin
369 3045 417 3093 dici
433 3053 503 3110 puto:
521 3046 601 3094 sedet
615 3046 672 3110 quia
722 3047 773 3096 dies
786 3048 847 3104 illos,
859 3047 878 3095 si
893 3046 952 3095 nibil
967 3047 1069 3096 infausti
1081 3048 1220 3111 contigisset,

176 3122 304 3187 AEgyptius
323 3127 386 3168 esset
405 3119 492 3184 patria.
515 3121 583 3183 nujus
604 3127 670 3169 terrm
722 3121 874 3170 [iustissimos
883 3121 1022 3170 censebant
1041 3123 1158 3170 Srnvra.

176 3197 228 3245 hac
249 3195 298 3244 avis
319 3191 386 3258 quasi
408 3191 548 3256 peculiaris:
573 3203 671 3256 utroque
754 3197 793 3242 68.
810 3194 1082 3258 Interdimrwtpolos]
1105 3195 1218 3244 Arcticun

176 3278 256 3318 nutem
282 3266 352 3314 modu
378 3280 420 3329 per
447 3273 618 3329 contemptum,
647 3274 671 3314 et
720 3277 744 3317 et
755 3269 919 3317 antarcticum.
944 3267 1002 3315 Divi
1014 3278 1083 3317 erant
1093 3269 1217 3322 duodecim,

176 3339 353 3391 contumeliose.
388 3340 485 3386 Mrcvn:
722 3342 763 3406 qui
776 3357 831 3389 cum
844 3343 903 3390 Jove
917 3341 1061 3390 dicebantur
1079 3352 1160 3392 tenere
1176 3357 1216 3390 cu·

208 3416 248 3464 67.
274 3412 349 3474 thue
368 3412 418 3466 ilie,
441 3413 539 3458 historiis
559 3413 672 3459 involvam
721 3417 781 3473 lum,
795 3424 819 3463 et
836 3417 950 3480 majomm
967 3417 1078 3477 gentium
1097 3417 1140 3466 Dii
1157 3431 1215 3464 voot-

174 3490 277 3537 cormina
293 3484 378 3546 crois]
407 3483 493 3531 Snidas
509 3483 581 3531 etiam
596 3485 670 3533 Calli·
722 3493 893 3555 bantur;quos
904 3500 928 3537 et
938 3501 1053 3538 consonus
1061 3490 1216 3555 adpellabent.

174 3561 252 3610 machi
269 3558 377 3607 libellum
393 3557 418 3605 in
435 3558 490 3605 Ibin
505 3560 672 3623 perobscurum
722 3566 763 3629 qui
783 3580 797 3612 a
815 3562 912 3610 consilio
923 3562 992 3612 Jovis
1005 3572 1075 3612 erant
1084 3580 1092 3623 ;
1110 3564 1145 3612 ita
1160 3561 1216 3614 dicti.

173 3635 245 3684 fuisse
255 3640 363 3688 testatur,
375 3632 405 3679 de
417 3632 595 3697 quoPepinium
607 3632 671 3696 loqui
722 3637 786 3703 quod
803 3638 963 3685 consentirent
976 3636 1001 3683 in
1017 3654 1054 3693 eo,
1066 3637 1133 3702 qnod
1144 3650 1215 3701 geren

173 3724 221 3757 non
231 3706 322 3761 dubito,
334 3705 573 3771 lib.iv.Sylv.quum
581 3716 671 3771 patrem
722 3711 778 3759 dum
805 3717 875 3758 esset.
918 3708 1024 3773 Jupiter,
1045 3711 1122 3767 Jnno,
1144 3711 1215 3761 Vetti.

173 3779 257 3830 laudat
274 3779 298 3825 in
315 3778 367 3842 ejus
384 3779 500 3843 epicedio,
517 3779 579 3843 quod
597 3780 671 3828 Calli·
722 3785 841 3839 blinerva,
878 3783 960 3839 Ceres,
996 3784 1090 3841 Diana,
1135 3785 1215 3834 turus.

174 3852 260 3906 machi,
271 3852 436 3917 Lycophronis,
448 3852 574 3918 Sophronis
590 3861 614 3901 et
627 3854 673 3902 Co·
723 3860 798 3914 Mars,
818 3858 961 3914 Mercurius,
980 3857 1063 3915 Liber,
1086 3859 1213 3923 Neptunus,

172 3925 669 3988 rinnaeversusobscurissimosintelligeret.
722 3932 816 3997 Apollo,
838 3931 855 3979 ii
881 3941 976 3981 tantum
1003 3942 1103 3982 nectare
1125 3932 1215 3980 uteban-

206 4003 246 4050 62.
272 4001 307 4048 Ta
328 3999 433 4063 quoque]
464 4000 670 4055 Quemadmodum
722 4015 768 4054 tur.

173 4076 312 4143 Apollonide
323 4074 440 4123 RbodIus.
457 4075 529 4124 Dour.
