2806 5018
372 359 631 425 PASTORUM
655 361 743 427 LIB.
760 362 822 428 VI.
1050 366 1115 432 339

68 533 153 607 Nec
169 531 302 604 modus
321 532 419 606 ullus
437 547 535 609 erat:
557 537 751 610 crescebat
768 535 930 634 imagine
947 538 1082 628 luctus,
1151 520 1157 533 ’

120 645 250 720 Donec
269 670 352 721 eam
370 648 501 746 positis
519 651 716 724 occuluere
735 652 843 747 togis.
1103 744 1109 755 ⁴

65 761 193 835 Tertia
211 786 326 836 causa
340 764 430 836 mihi
450 766 570 863 spatio
589 768 728 863 majore
746 768 917 842 canenda
934 778 1014 844 est:
1036 773 1108 844 585

119 878 199 952 Nos
218 892 344 954 tamen
363 882 544 955 adductos
562 883 663 956 intus
682 907 837 979 agemus
855 892 987 981 equrt.

62 993 200 1082 Tullia,
220 998 407 1093 conjugio,
427 999 579 1073 sceleris
598 1000 784 1087 mercede,
805 1011 974 1098 peracte,

117 1109 188 1183 His
207 1112 318 1186 solita
334 1124 393 1186 est
409 1114 520 1188 dictis
539 1116 781 1189 exstimulare
795 1116 914 1189 virum
930 1143 938 1190 :

64 1224 167 1311 Quid
180 1230 287 1324 juvat
304 1252 387 1302 esse
406 1253 527 1326 pares,
548 1241 584 1304 te
602 1242 736 1304 nostrae
754 1232 858 1305 caede
876 1233 1023 1320 sororis,

115 1342 257 1440 Meque
274 1342 327 1416 tui
346 1344 480 1430 fratris,
497 1345 528 1417 si
546 1346 609 1443 pia
626 1347 700 1419 vita
717 1348 866 1444 placet?
1034 1352 1107 1423 590

62 1457 198 1531 Vivere
216 1457 438 1545 debuerant,
458 1470 496 1533 et
512 1460 566 1531 vir
583 1485 700 1549 meus,
721 1473 759 1535 et
776 1473 841 1535 tua
857 1465 1009 1560 conjurr,

117 1572 156 1645 Si
175 1573 318 1646 nullum
337 1575 464 1647 ausuri
481 1577 601 1672 majus
620 1601 767 1650 eramus
786 1603 892 1675 opus,

61 1687 114 1760 Et
132 1701 257 1786 caput,
278 1700 316 1762 et
333 1714 488 1786 regnum
506 1690 601 1764 facio
620 1691 743 1766 dotale
762 1694 951 1790 parentis:

116 1804 157 1876 Si
174 1829 236 1877 ver
253 1830 315 1891 es;
345 1805 369 1891 i,
388 1806 507 1878 dictas
525 1806 635 1902 exige
653 1806 751 1880 dotis
769 1832 873 1907 opes,

62 1920 185 2015 Regia
194 1945 253 1994 res
265 1922 386 1995 scelus
398 1934 472 1997 est:
490 1947 619 1996 socero
629 1947 723 2020 cape
733 1948 848 2019 regna
861 1933 1012 2014 necat03
1030 1929 1101 1999 595

114 2035 163 2109 Et
180 2049 324 2110 nostras
342 2039 461 2135 patrio
478 2039 660 2133 sanguine
678 2039 805 2134 tingue
826 2063 971 2112 manue.

59 2151 215 2224 Talibus
234 2152 432 2226 instinctus
451 2154 543 2226 solio
562 2154 726 2252 privatus
745 2154 782 2224 in
801 2154 879 2227 alto

113 2266 292 2341 Sederat:
323 2268 532 2342 adtonitum
548 2269 682 2366 vulgus
700 2269 747 2342 ad
767 2293 870 2343 arma
886 2269 970 2342 ruit.

90 2504 147 2551 585.
163 2502 244 2551 Tertia
260 2519 339 2561 causa,
351 2520 404 2570 quae
416 2504 488 2553 habet
498 2522 549 2570 par·
601 2519 690 2562 eorum,
708 2504 748 2569 qni
769 2502 828 2553 nihil
845 2503 934 2553 audent
950 2504 975 2553 iu
992 2511 1099 2568 patrem

55 2587 107 2625 tem
124 2577 298 2626 memorabilem
316 2578 417 2627 historiae
428 2578 551 2629 Romane.
601 2578 642 2628 sed
659 2579 750 2640 pietatis
763 2578 891 2642 imaginem
906 2593 969 2627 nunc
981 2577 1099 2625 nonbene
1199 2639 1201 2646 y

58 2651 107 2698 Nor
124 2659 206 2705 tamn,
216 2660 263 2699 etc.
279 2651 310 2700 de
327 2652 372 2700 hac
387 2652 487 2701 formula
497 2653 551 2703 vide
600 2652 685 2700 Tulliae
708 2652 788 2701 tribuit
806 2662 890 2716 poeta:
909 2651 995 2700 melius
1010 2650 1100 2706 Livius.

55 2724 87 2773 ad
107 2723 138 2772 iv.
152 2724 189 2771 16.
224 2724 302 2772 Tullio
318 2725 393 2773 minor
408 2725 472 2774 seror
490 2743 549 2792 nup·
602 2725 738 2774 ‘'Eonnoc
754 2726 822 2790 pejus
832 2734 924 2773 mutata
934 2734 970 2773 est
980 2740 1025 2782 res,
1036 2724 1099 2789 quod

55 2809 120 2847 serat
134 2797 222 2846 Arunti
235 2799 371 2862 Tarquinio,
383 2799 446 2848 mitis
462 2799 550 2864 ingenii
600 2798 653 2847 irtio
665 2815 719 2848 cum
731 2798 826 2863 ignaria
837 2810 873 2847 eet
884 2798 986 2848 scelus.”

51 2870 152 2936 joveni;
168 2872 248 2920 Tullia
267 2873 341 2937 major
358 2889 423 2930 vero,
445 2874 551 2924 modesta
633 2875 690 2922 593.
700 2872 774 2938 Apud
784 2873 877 2921 Livium
885 2873 926 2938 jue
936 2872 1001 2936 regni
1017 2872 1099 2921 aTar·

52 2955 79 2994 et
90 2944 163 3010 patris
177 2961 266 3003 amane,
278 2946 352 2995 Lucio
366 2947 501 3011 Tarquinio.
512 2949 550 2997 cui
601 2946 676 3011 quinii
695 2956 761 3012 patre
783 2947 878 3012 repetit,
897 2946 942 2995 hoo
964 2947 1016 2995 loco
1037 2962 1053 2994 e
1072 2961 1098 2993 ee

54 3019 149 3068 animno
167 3019 292 3067 ardentior.
320 3021 366 3069 Sed
384 3021 427 3069 illa
443 3021 477 3070 sic
492 3039 550 3086 quo·
601 3037 690 3085 suoque
707 3023 835 3086 conjugi03
851 3021 885 3069 ric
901 3032 925 3068 et
939 3021 1097 3084 Diooye29:

53 3110 101 3158 que
113 3093 214 3141 Lucium
229 3094 335 3143 celeriter
347 3111 395 3143 enae
414 3097 551 3145 temeritatis
601 3093 660 3142 illud
679 3094 772 3143 melius.
806 3094 889 3141 Dicere
903 3096 975 3141 dotem
993 3102 1034 3141 aut
1052 3095 1100 3140 doti

53 3166 180 3232 implevit;
201 3173 217 3194 “
230 3167 256 3214 L.
273 3168 415 3233 Tarquinius
432 3177 456 3217 et
472 3169 551 3218 Tullia
600 3184 651 3217 esse
672 3168 796 3217 formulam
814 3167 951 3224 solemnem,
970 3182 1044 3231 quum
1060 3169 1098 3214 ‹li-

53 3242 130 3290 minor
156 3256 227 3306 prope
252 3242 395 3291 continuatis
422 3243 549 3301 funeribus,
600 3259 649 3291 cere
666 3242 737 3291 etiam
758 3241 873 3306 polliceri,
884 3240 1003 3295 addicere,
1019 3239 1098 3301 adsig-

55 3330 129 3380 quum
141 3313 221 3362 domos
234 3331 319 3364 vacuas
334 3332 393 3364 novo
404 3316 551 3366 matrimonio
600 3334 664 3374 nare,
692 3316 834 3365 constituere
865 3315 990 3380 significet,
1018 3313 1099 3363 docuit

52 3389 171 3441 fecissent.
197 3389 329 3453 junguntur
354 3390 442 3457 nuptiis
453 3391 479 3450 ;’'
509 3392 549 3440 Li·
600 3390 720 3440 lleinsins.
761 3390 824 3440 Cum
849 3389 935 3445 verbio,
963 3389 1037 3453 Regio
1063 3406 1099 3437 ret

53 3463 115 3519 vius,
128 3462 145 3510 i.
156 3463 197 3509 46.
233 3463 385 3512 Erstimoture
399 3464 493 3528 gravius
506 3475 549 3522 eet,
599 3467 671 3513 scelos
685 3474 725 3520 ert,
743 3463 857 3528 Neapolis
873 3471 994 3528 comparat
1009 3478 1039 3511 ex
1055 3463 1097 3511 Se-

53 3553 125 3602 quam
146 3537 243 3585 aliorum
264 3540 400 3586 sollicitare:
425 3539 488 3603 apud
509 3541 550 3588 Li·
600 3539 845 3602 neca,Tl1yest.ver.
863 3539 927 3585 21⁷:
944 3537 1097 3593 “Sanctitee,

52 3612 137 3659 vium:
155 3617 172 3641 ⁴‘
185 3626 229 3659 nec
246 3621 325 3668 nocte,
339 3629 382 3660 nec
398 3613 499 3661 interdiu
515 3615 549 3661 vi·
600 3613 682 3676 pietas,
693 3612 759 3668 fides,
770 3611 866 3659 Privata
881 3611 944 3659 bona
960 3619 1031 3659 runt:
1049 3626 1098 3675 qua

52 3701 103 3734 rum
115 3684 281 3749 conquiescere
298 3686 394 3751 patitur,
406 3702 436 3735 ne
447 3688 551 3750 gratuita
597 3687 674 3751 juvat,
686 3702 752 3749 reges
762 3684 845 3733 eant.''

51 3758 169 3823 preterita
190 3758 318 3822 parricidia
341 3760 443 3808 essent.''
480 3761 549 3810 Cous.
632 3761 688 3808 597.
707 3758 779 3823 Apud
796 3757 899 3813 Livium.
917 3757 934 3806 i.
945 3760 985 3805 ta.
1002 3759 1096 3807 Servius

52 3832 246 3895 Dionysiumiv.
259 3835 298 3880 28.
599 3833 740 3897 Tarquinio:
769 3833 857 3889 “Qua
876 3843 901 3880 tu
926 3831 1035 3887 audacia,
1059 3849 1096 3881 me

83 3907 223 3954 aue-596.
245 3907 270 3953 Si
291 3907 407 3970 placuerit
428 3907 478 3956 limo
495 3925 549 3956 cum
599 3907 661 3963 viro,
669 3923 739 3955 ausus
748 3923 774 3954 es
785 3906 808 3953 in
816 3906 872 3955 eede
883 3906 1003 3955 considere
1011 3922 1063 3954 mea
1070 3907 1097 3954 l”

52 3978 128 4034 Livio,
143 3978 160 4027 i.
171 3979 210 4026 47.
225 3995 368 4044 comparare,
384 3980 447 4028 hunc
459 3981 549 4028 videbis
599 3980 701 4046 Neapol.
728 3997 773 4029 uon
801 3980 936 4037 deliniebat,
954 3990 1031 4028 utrum
1058 3984 1095 4028 ἰπ-

51 4051 125 4099 multo
136 4051 287 4116 superiorem.
312 4053 348 4100 Ibi
360 4062 417 4116 quot
425 4054 503 4109 verba,
515 4063 549 4101 tot
599 4057 702 4111 stinctae,
719 4071 749 4102 an
765 4054 863 4102 aliorum
881 4058 1007 4102 instructoe
1018 4054 1096 4102 verius

52 4124 164 4188 pondera,
176 4126 261 4190 quibus
275 4126 349 4174 multo
361 4127 438 4174 acrius
452 4126 549 4190 instiga·
600 4137 674 4175 estet:
693 4129 764 4175 immo
774 4131 900 4176 instructus
915 4127 959 4176 hoc
970 4127 1014 4175 loc.
1025 4126 1095 4174 nimir

51 4208 88 4247 tur
100 4199 196 4264 juvenis
209 4201 309 4249 animus.
343 4201 421 4248 Pictor
440 4217 502 4248 nuno
514 4208 549 4249 eet
600 4200 738 4265 languidum
748 4220 755 4262 5
766 4202 859 4251 livius:
871 4207 887 4230 ‘¹
900 4198 1097 4251 muliebriburin·
