2806 5018
176 351 242 416 294
470 349 510 414 P.
534 349 696 414 OVIDII
722 349 933 416 NASONIS

180 525 268 598 Sive
285 523 400 596 deum
418 523 584 620 prudens
603 522 718 596 alium
736 522 905 599 divamve
923 523 1062 612 fefelli3
1154 527 1217 598 685

227 637 464 711 Abstulerint
481 638 624 711 celeres
643 637 815 735 improba
832 640 934 713 dicta
952 639 1060 713 Noti.

178 754 230 828 Et
247 764 403 853 pereunt
418 754 591 826 veniente
609 754 671 827 die
690 754 855 852 perjuria
870 755 1001 829 nobis:

230 869 312 943 Nec
331 880 464 942 curent
482 869 630 968 Superi,
651 870 683 942 si
702 893 780 967 qua
797 871 945 944 locutus
963 895 1042 945 ero.

180 986 241 1061 Da
258 987 369 1059 modo
387 987 492 1059 lucra
506 987 610 1070 mihi,
629 987 679 1058 da
696 986 795 1060 facto
813 987 950 1082 gaudia
967 987 1096 1060 lucro:

230 1102 280 1175 Et
297 1101 392 1187 face,
411 1113 454 1174 ut
468 1102 599 1193 emtori
617 1104 731 1174 rerba
748 1100 898 1175 dedisse
912 1104 1034 1198 juvet.

178 1217 286 1291 Talia
304 1216 516 1291 Mercurius
534 1227 754 1313 poscentem
773 1216 871 1289 ridet
884 1217 932 1289 ab
950 1216 1043 1302 alto,

228 1334 280 1406 Se
299 1356 441 1405 memor
460 1331 639 1428 Ortygias
657 1331 881 1428 surripuisse
899 1332 1029 1405 boves.

177 1449 237 1522 Ar
256 1447 347 1520 mihi
366 1447 501 1545 pande,
522 1470 665 1544 precor,
685 1457 792 1520 tanto
808 1447 962 1522 meliora
978 1447 1142 1545 petenti,

229 1563 274 1635 In
294 1563 475 1634 Geminos
494 1584 543 1633 ex
560 1586 637 1657 quo
654 1572 822 1660 tempore
842 1563 1011 1636 Phoebus
1031 1564 1121 1637 eat?

179 1678 307 1763 Quum
318 1675 530 1749 totidemde
541 1678 967 1776 mensediessuperesse
977 1679 1219 1768 videbis3695

229 1792 332 1877 Quot
349 1803 437 1865 sunt
455 1788 635 1863 Herculei
653 1791 753 1865 facta
770 1793 919 1879 laboris,
936 1793 1001 1866 ait.

1157 1103 1218 1174 690

177 2058 237 2105 erat,
247 2053 266 2097 ιι·
276 2052 347 2097 scians
349 2047 423 2112 fullo.
457 2048 566 2095 Macrob.
579 2049 674 2096 Satura.
725 2048 787 2097 Met.
799 2049 824 2097 ii.
835 2051 883 2098 676
894 2066 947 2115 sqq.
973 2051 1095 2115 Ortygias,
1109 2044 1221 2113 Apollinis

177 2125 193 2173 i.
207 2125 251 2172 16:
268 2139 330 2178 eum,
342 2122 383 2186 qui
393 2121 479 2168 talibus
489 2121 573 2168 diebus
581 2120 672 2184 (feriis)
725 2123 748 2170 in
762 2123 840 2172 insula
850 2123 951 2189 Ortygia
965 2124 1032 2184 nati;
1049 2123 1106 2172 vide
1121 2121 1152 2170 ad
1163 2121 1220 2169 Met.

176 2197 314 2262 imprudens
328 2194 419 2259 aliquid
432 2194 528 2258 egisset,
540 2210 610 2258 porco
623 2194 673 2258 pia·
725 2197 742 2245 i.
753 2199 811 2246 out.

177 2271 260 2320 calum
279 2271 337 2319 dare
358 2269 454 2317 debere:
475 2267 614 2332 prudentem
633 2283 674 2315 ea·
756 2272 894 2320 oua-720.
912 2272 982 2320 xlv.
1001 2271 1123 2319 Kalendas
1140 2270 1222 2321 Μία

177 2345 244 2410 piare
272 2359 318 2391 1¹⁰⁰
345 2357 423 2406 Poma
442 2341 549 2389 Scaevola
569 2341 675 2405 pontifex
726 2347 757 2393 sol
772 2349 797 2393 in
815 2346 921 2394 Geminos
938 2347 1032 2393 transit.
1065 2345 1127 2409 EJus
1144 2342 1221 2393 sidelt

179 2414 356 2465 asseverabat.’'
387 2413 676 2478 Resirritasventisarre,
726 2419 791 2482 origo
817 2427 932 2466 canatur.
974 2418 1061 2467 Castor
1084 2425 1110 2464 st
1131 2415 1221 2469 Pollex,

179 2489 273 2553 auferre
282 2488 404 2542 dicuntur,
415 2496 439 2535 et
449 2502 510 2550 quas
520 2487 573 2551 quis
586 2503 615 2535 es
626 2489 677 2536 ani·
726 2491 844 2557 Tyndarei
860 2491 911 2548 filii,
924 2508 998 2556 qunm
1013 2490 1127 2539 Plroeben
1143 2498 1168 2538 et
1180 2487 1221 2538 ffi-

178 2579 218 2611 mo
239 2562 325 2627 ejicere
344 2560 404 2615 vult,
422 2576 463 2608 eas
490 2563 563 2608 tradit
590 2566 677 2611 ventis:

177 2636 299 2689 Horatius.
310 2636 332 2682 l.
343 2634 391 2682 0d.
402 2633 465 2682 xxvi.
476 2636 499 2682 2.

210 2708 267 2756 687.
283 2709 389 2764 Pereunt,
399 2724 445 2755 nnn
455 2707 590 2771 puniantur.
610 2708 671 2756 Bur·

177 2798 265 2831 manno
281 2781 400 2845 placebat,
414 2782 477 2846 quod
491 2781 515 2829 in
531 2783 545 2830 J
549 2781 636 2830 uuiauo
650 2791 675 2830 et

177 2857 252 2905 altero
263 2855 369 2903 Puteano
382 2864 426 2909 est,
436 2858 540 2916 pary'uria
556 2857 636 2910 noctis,
647 2864 675 2904 ut

176 2945 220 2978 nec
231 2929 282 2993 ipsa
293 2936 360 2976 nocte
373 2927 455 2976 fallere
468 2938 584 2976 mercator
598 2927 673 2976 desis-

177 3011 222 3051 tat.
262 3001 291 3049 Id
316 3016 370 3049 vero
392 2999 448 3047 milri
471 3001 541 3065 paulo
568 3001 675 3064 argutius

176 3075 278 3125 videtur.
307 3074 390 3123 Eidem
398 3074 673 3122 Burmannoetiamver·

175 3151 232 3198 bum
247 3152 335 3198 matus
348 3150 431 3212 frigere
443 3148 583 3208 videbatur5
600 3149 674 3196 male-

175 3225 218 3272 bat
234 3223 305 3288 igitur
313 3227 423 3283 jocatum
441 3221 501 3269 illud
519 3223 582 3269 euim
600 3237 674 3284 genus

176 3297 296 3345 bominum
308 3295 474 3362 jusjurandum
492 3308 519 3342 ut
531 3296 613 3359 jocum
630 3296 672 3343 ha-

176 3372 241 3419 bere.
275 3371 351 3418 Immo
366 3369 397 3417 ad
408 3387 452 3431 qua
467 3380 546 3433 repete
559 3373 672 3431 perjuria.

177 3445 289 3508 Proface
304 3444 372 3490 multi
377 3444 433 3507 sac.
472 3444 608 3499 Poscentem,
621 3460 673 3507 pre·

176 3527 286 3575 cantem;
308 3517 427 3572 Horatius,
448 3517 470 3563 l.
492 3517 539 3564 Od.
562 3518 626 3565 xxxi.
645 3520 671 3565 l:

176 3590 272 3650 “Quid
288 3590 424 3638 dedicatum
443 3589 518 3654 poscit
536 3591 672 3654 Apollinem

176 3664 251 3712 Vates
260 3664 286 3709 l’'
303 3663 375 3727 vulgo
386 3674 514 3725 pascentes;
532 3663 574 3712 sed
584 3664 614 3711 de
625 3681 673 3713 uno

727 2567 820 2620 lairam,
829 2566 929 2630 Lycippi
939 2563 1000 2612 tiliae
1010 2563 1154 2629 rapuissent.
1163 2566 1222 2627 Lyn·

725 2655 767 2690 ceo
780 2648 804 2687 et
818 2638 877 2694 Idae,
890 2637 994 2703 Apharei
1006 2636 1071 2692 filiis,
1082 2637 1170 2701 quibus
1180 2635 1222 2684 rir-

724 2714 792 2778 giues
808 2712 855 2760 illas
872 2711 1020 2775 desponsatae
1040 2718 1118 2766 erant,
1137 2709 1223 2759 bellun

725 2796 856 2841 moverunt,
868 2785 892 2832 iu
906 2800 953 2848 quo
965 2785 1050 2832 Castor
1064 2784 1156 2847 Lyncei
1171 2799 1222 2831 ense

724 2862 843 2925 trajectus.
875 2860 989 2922 Lynceus
1018 2857 1127 2906 Pollucis
1159 2858 1224 2907 hasta

724 2936 886 2988 transforatus,
906 2931 962 2979 Idas
980 2931 1049 2981 Jovis
1066 2932 1166 2979 fulmine
1185 2946 1223 2979 ne·

724 3019 792 3057 catus
803 3019 847 3056 est.
874 3006 970 3062 Pollux,
982 3021 1057 3069 quum
1065 3006 1163 3070 Jupiter
1173 3021 1224 3055 sam

725 3082 748 3130 iu
766 3081 854 3130 coelum
871 3079 976 3143 recipere
988 3079 1070 3135 vellet,
1088 3079 1188 3142 rogarit,
1200 3088 1224 3127 at

724 3170 778 3202 eum
795 3154 905 3217 honorem
925 3152 1007 3217 partiri
1026 3167 1081 3200 cum
1097 3153 1168 3201 fratrs
1181 3151 1222 3202 sibi

724 3226 821 3285 liceret3
837 3227 917 3274 confer
934 3225 1031 3273 Pindar.
1046 3226 1121 3274 Nem.
1137 3242 1162 3273 x.
1180 3226 1222 3274 toa

724 3317 777 3365 sqq.
811 3304 842 3348 Ar
854 3301 918 3355 mili,
929 3310 977 3347 etc.
1012 3299 1070 3346 Ver.
1084 3300 1143 3347 66³.
1160 3300 1222 3349 Mar·

723 3375 813 3422 curium
840 3381 972 3437 rogaverat,
998 3382 1025 3420 ut
1047 3373 1094 3421 sibi
1123 3373 1221 3422 adesset.

724 3447 781 3494 Eam
802 3446 985 3511 appellationem
1013 3446 1105 3494 oblitus
1127 3455 1177 3494 erat
1199 3446 1221 3494 ia

723 3536 795 3584 seqq3
812 3519 854 3568 sed
868 3536 931 3567 nunc
946 3519 976 3567 ad
991 3534 1046 3568 eam
1060 3520 1131 3575 redit,
1142 3529 1220 3569 errem

722 3595 792 3642 discit
817 3610 832 3641 a
856 3594 985 3641 Mercurio.
1031 3593 1106 3641 Tasta
1132 3596 1221 3643 malim

723 3669 874 3716 Burmannus
893 3666 1030 3731 explicate
1049 3667 1151 3716 formula
1172 3667 1220 3714 lau-

174 3752 251 3786 sermo
266 3745 303 3784 ost
320 3736 375 3784 inde
392 3752 406 3784 a
423 3753 473 3785 ver.
491 3738 547 3784 675.
581 3738 674 3786 Memor
723 3740 797 3787 dandi
816 3749 883 3788 tanta
902 3741 991 3795 melior,
1008 3738 1040 3788 de
1056 3755 1107 3804 qua
1125 3740 1174 3805 ipse
1192 3738 1219 3787 ad

174 3820 225 3861 arat
247 3809 390 3864 Mercurius,
412 3826 437 3858 se
465 3812 583 3864 callidum.
606 3815 672 3872 quid·
723 3813 859 3869 Phaedrum,
881 3813 929 3861 111.
948 3829 971 3861 ν.
989 3814 1016 3861 3.
1050 3813 1219 3878 Comparantur

175 3889 230 3951 quid
238 3887 415 3947 placatujocaaa
426 3884 527 3932 Condere
530 3884 610 3947 furto,
621 3885 670 3932 llo·
722 3903 785 3936 nunc
799 3903 851 3951 sqq.
868 3903 922 3935 cum
936 3888 1046 3951 precibus
1059 3898 1219 3940 mercatorum,

174 3959 256 4014 ratius,
277 3958 299 4004 1.
320 3956 367 4004 Od.
386 3974 409 4004 x.
429 3958 452 4003 7.
467 3957 508 4005 ubi
529 3958 573 4004 hoc
594 3957 670 4021 ipsum
721 3978 774 4025 qum
796 3960 948 4009 antecedunt.
984 3961 1035 4009 Aut
1045 3964 1119 4026 facta
1141 3962 1216 4008 labam

174 4032 309 4097 exemplum
324 4030 448 4093 subjicitur
462 4030 492 4078 de
507 4032 583 4078 bubus
597 4033 670 4096 Apol·
720 4045 775 4082 sunt
790 4035 889 4090 labores,
903 4043 945 4082 aut
961 4036 1025 4081 tator
1040 4035 1170 4083 Herculeas
1183 4041 1216 4081 est

175 4106 238 4162 linis,
249 4120 308 4170 quas
322 4113 372 4150 arta
382 4120 432 4161 aua,
443 4105 467 4152 id
482 4113 526 4159 est,
537 4103 669 4154 calliditate
721 4109 835 4157 Hercules
855 4108 920 4174 ipse,
939 4110 973 4156 sic
994 4109 1118 4166 Horatius,
1134 4109 1154 4157 1.
1171 4107 1214 4156 Od-

174 4196 222 4246 qua
233 4178 374 4235 excellebat,
386 4178 473 4241 abegit
503 4178 552 4227 Res
564 4189 670 4230 canatur
720 4182 755 4230 iii.
766 4183 813 4230 ³6:
829 4182 939 4243 Pampit
950 4183 1083 4232 Aelaroata
1092 4184 1213 4232 Herculeus

456 4392 463 4419 l
