2806 5018
474 365 734 432 FASTORUM
759 367 850 433 LlB.
868 368 930 434 lV.
1155 376 1223 442 239

172 539 292 613 Nulla
310 564 413 613 mora
427 550 486 614 est
501 565 643 637 operte:
664 553 829 614 vestrum
842 542 950 630 dare,
970 544 1119 618 vincere
1136 571 1222 622 nos-

223 655 348 738 Quam
366 656 456 729 velit
473 656 611 729 AEneas
630 656 702 728 ista
719 670 855 752 negata
872 658 983 730 mihi!
1017 662 1132 755 [trum
1150 674 1222 736 est.

171 773 395 847 Annuerant
414 772 558 845 Rutuli.
612 772 826 846 Mezentius
846 774 967 848 induit
982 798 1107 851 arma:
1150 784 1219 854 891

225 887 359 960 Induit
376 888 537 974 AEneas;
568 889 847 986 alloquiturque
865 889 1019 964 Jovem:

175 1002 337 1076 Hostica
353 1002 549 1100 Tyrrheno
566 1015 653 1076 vota
670 1016 729 1078 est
745 1005 934 1078 vindemia
951 1007 1042 1102 regi,

224 1117 388 1216 Jupiter,
408 1142 429 1190 e
449 1117 555 1190 Latio
573 1119 726 1216 palmite
745 1131 868 1192 musta
885 1120 995 1193 seras

173 1234 273 1308 Vota
286 1234 411 1306 valent
429 1234 601 1308 meliora:
623 1236 725 1308 cadit
744 1234 957 1309 Mezentius
976 1238 1121 1332 ingens,
1150 1242 1222 1314 895

224 1348 353 1445 Atque
371 1350 579 1444 indignanti
598 1362 750 1447 pectore
768 1353 913 1449 plangit
931 1353 1098 1426 humum.

172 1463 341 1536 Venerat
357 1465 571 1537 Autumnus
590 1468 745 1539 calcatis
764 1469 938 1540 sordidus
956 1469 1057 1542 uvis:

225 1578 454 1652 Redduntur
472 1582 604 1654 merito
622 1583 751 1655 debita
765 1584 852 1656 vina
863 1583 961 1656 Jovi.

176 1692 291 1766 Dicta
308 1695 389 1768 dies
408 1695 493 1767 hinc
512 1709 571 1769 est
589 1697 756 1772 Vinalia:
786 1699 935 1796 Jupiter
953 1701 1053 1774 illam

225 1808 414 1896 Vindicat,
432 1821 472 1882 et
490 1810 595 1883 sestis
613 1813 753 1907 gaudet
771 1815 895 1887 inesse
913 1814 1004 1886 suis.
1150 1820 1224 1890 900

175 1921 263 1995 Sex
285 1925 361 2012 ubi,
382 1948 466 2021 quae
485 1937 639 2010 restant,
658 1927 763 2000 luces
781 1927 921 2025 Aprilis
938 1929 1115 2018 habebit;

227 2037 272 2110 ln
291 2039 416 2112 medio
433 2064 545 2112 cursu
564 2053 735 2139 tempora
751 2044 847 2115 veris
865 2053 987 2114 erunt.

171 2151 226 2228 Et
242 2154 380 2228 frustra
397 2156 584 2254 pecudem
602 2182 747 2254 quaeres
762 2157 1053 2231 Athamantidos
1068 2155 1221 2246 Helles3

225 2269 421 2366 Signaque
439 2272 530 2344 dant
548 2272 707 2359 imbres;
738 2273 980 2369 exoriturque
999 2272 1128 2345 Canis.

173 2383 259 2458 Hac
279 2385 369 2458 mihi
390 2385 580 2460 Nomento
600 2366 759 2461 Roniam
780 2412 897 2484 quum
916 2388 1000 2460 luce
1019 2389 1191 2476 redirem,

227 2499 388 2573 Obstitit
406 2502 443 2574 in
462 2501 586 2575 media
603 2505 766 2576 candida
783 2527 923 2600 pompa
941 2503 1011 2576 via.
1150 2507 1223 2577 906

206 2655 265 2703 895.
284 2652 369 2718 lugeas
379 2655 415 2703 vel
427 2671 531 2720 corpore,
542 2657 608 2721 quali
620 2665 675 2704 nunt
725 2657 796 2721 igitur
805 2657 965 2705 memorabilia
974 2657 1047 2705 babet
1056 2656 1097 2705 ille
1104 2656 1163 2705 dies.
1184 2656 1227 2706 See

173 2727 258 2777 heroes
274 2737 373 2785 veteres,
392 2729 431 2777 vel
450 2729 543 2793 opibus.
578 2730 675 2794 Ptangr't
725 2734 773 2783 ubi,
784 2749 831 2794 qim
848 2740 943 2786 restant,
953 2740 1000 2778 etc.
1013 2731 1038 2778 id
1057 2738 1102 2786 eet,
1117 2746 1166 2795 quo
1182 2746 1224 2779 sex

173 2803 286 2858 hamum
304 2801 338 2850 sic
354 2802 440 2867 passini
456 2802 486 2850 de
498 2803 675 2851 morientibuse
726 2804 776 2852 dies
789 2804 878 2869 Aprilis
889 2813 985 2852 restant.
1015 2804 1167 2852 Vermedirrm
1179 2803 1226 2852 Co·

172 2874 288 2934 vulnere3
304 2875 367 2922 Met.
376 2874 410 2922 iii.
420 2878 476 2925 125:
496 2877 674 2940 “sanguineam
726 2876 823 2925 lumella
840 2878 863 2925 in
879 2878 930 2942 ipso
941 2876 1053 2924 Paliliurn
1068 2876 1107 2924 die
1122 2876 1154 2925 xi.
1166 2875 1224 2925 Kal.

173 2948 269 3014 trepido
279 2948 423 3013 plangebant
435 2959 529 3014 pectore
541 2960 639 2999 matrem
651 2951 675 3009 ;''
726 2951 807 3015 ponit,
824 2949 917 3009 initium
929 2951 980 3015 ejus
994 2949 1034 2998 die
1045 2950 1077 2999 ix.
1089 2949 1210 2998 Februarii
1217 2968 1226 3010 ;

175 3023 233 3083 AEn.
242 3039 267 3070 x.
276 3022 338 3069 720:
358 3031 374 3050 ⁴¹
386 3023 491 3071 calcibus
501 3033 576 3071 atram
585 3023 676 3072 Tundit
726 3024 751 3071 ii.
765 3027 818 3072 150.
852 3024 958 3072 Arietem
975 3023 1224 3086 bicquoque,utrer.

173 3095 275 3144 hornum
299 3096 445 3161 exspirane.”
478 3097 552 3162 Apud
573 3098 674 3162 Dionys.
726 3097 812 3146 ttae
834 3097 915 3144 sabula
935 3095 1135 3158 circumloquium
1154 3110 1226 3157 quam

172 3169 299 3217 Halicarn.
317 3170 375 3218 dict.
394 3170 440 3218 loc.
459 3171 599 3226 Mezentius,
617 3186 675 3235 pace
725 3169 759 3217 iii.
778 3172 822 3217 851
847 3186 900 3233 sqq.
923 3169 1033 3216 narrarit.
1066 3167 1139 3231 Sigae
1159 3169 1225 3226 dent,

172 3241 309 3307 impetrata,
320 3242 345 3291 in
357 3243 492 3292 Latinorum
506 3244 610 3292 amicitia
620 3260 675 3292 con·
725 3243 853 3291 ostendunt
863 3242 1123 3302 se,cadunt,uti.315.
1142 3241 1226 3290 Cenem

172 3325 266 3364 stanter
276 3317 421 3381 permansit5
437 3317 479 3366 sed
491 3318 589 3366 AEneid.
601 3334 674 3367 nex·
727 3317 771 3364 hoe
789 3316 827 3364 die
845 3332 891 3364 uon
910 3315 1002 3370 exoriri,
1018 3314 1058 3363 red
1077 3312 1185 3364 occidere
1203 3325 1228 3364 et

173 3399 258 3445 tremo,
269 3398 285 3418 ⁴⁸
295 3390 404 3438 Undanti
415 3391 516 3439 animam
528 3391 640 3440 diffundit
651 3391 675 3439 in
727 3390 840 3439 Ovidium
851 3390 943 3456 lapsum
955 3405 1014 3444 esse,
1024 3389 1132 3437 certatim
1143 3404 1228 3439 monu-

172 3477 241 3511 arma
261 3463 371 3512 cruore.''
405 3464 466 3520 Quae
487 3465 541 3528 quis
558 3464 629 3519 vovit.
646 3481 676 3513 ea
726 3476 794 3513 erunt
803 3465 936 3528 interprett.
944 3463 1078 3512 Columella
1088 3462 1156 3511 xi.2:
1171 3463 1226 3511 Pri-

172 3539 254 3584 debere
281 3536 385 3595 dicitur;
421 3537 532 3585 lloratius
553 3538 603 3585 Ill.
626 3537 675 3585 Od.
726 3541 763 3587 die
781 3539 898 3588 Kalendae
918 3538 993 3585 Maiae
1011 3538 1120 3585 Conirre
1138 3554 1226 3600 verpere

173 3610 251 3658 xxvii.
271 3611 317 3658 3οε
345 3617 363 3638 “
375 3610 455 3659 debita
476 3611 595 3676 Nymphis
612 3627 675 3660 coro·
727 3614 797 3659 celat.

173 3684 239 3744 na;”
255 3683 530 3739 libullue‚lV.ir.23:
551 3685 677 3737 Quamne·
759 3686 816 3734 905.
844 3685 965 3748 Robigalia
987 3682 1017 3730 ad
1040 3683 1192 3732 avertendam
1213 3699 1229 3732 ι

172 3761 224 3808 hira
235 3760 313 3806 reddet
322 3758 434 3806 Certatim
442 3761 527 3807 sanctie
539 3760 603 3805 latur
613 3769 677 3806 uter-
727 3758 833 3822 frugibus
850 3757 987 3821 robiginem.
1022 3758 1061 3804 De
1078 3755 1115 3804 hie
1127 3757 1227 3815 Plinius,

172 3832 291 3896 prefecit.
326 3831 445 3878 Caeterum
459 3831 600 3880 Plutarchus
615 3831 679 3879 dicto
728 3833 793 3880 xviii.
803 3834 842 3880 69.
852 3832 939 3880 scell:
958 3839 973 3858 ⁴·
983 3830 1036 3878 Tria
1047 3839 1153 3894 tempora
1163 3832 1225 3879 fruc·

172 3909 235 3962 loco,
246 3905 318 3954 etiam
329 3904 374 3954 boc
387 3904 465 3961 tradit,
475 3906 516 3953 illo
526 3905 564 3952 die
576 3907 676 3952 multum
728 3907 791 3954 tibus
818 3904 972 3953 metuebant”
999 3903 1080 3969 prisci,
1103 3907 1119 3930 “
1134 3913 1228 3968 propter

172 3979 224 4027 vini
235 3977 325 4026 effundi
337 3978 367 4026 ad
379 3979 493 4043 ternplum
504 3978 612 4026 Veneris.
729 3979 790 4043 quod
802 3979 950 4027 instituerunt
964 3977 1032 4026 leriae
1040 3976 1138 4041 diraque
1147 3976 1227 4034 testor,

208 4053 348 4100 901-904.
372 4052 431 4100 Vll.
451 4053 568 4101 Kalendae
590 4053 674 4108 Maiae,
729 4052 868 4116 Robigalia,
878 4052 995 4100 Floralia''
1008 4051 1052 4113 (de
1070 4051 1156 4114 quibua
1173 4065 1227 4118 mor

172 4125 224 4175 eive
233 4130 271 4174 die
279 4143 335 4173 xxv.
343 4129 437 4188 Aprilis,
446 4127 490 4174 Ver
499 4130 605 4182 medium,
612 4129 678 4174 Arie-
729 4141 777 4172 ver.
788 4127 858 4185 943.)
870 4132 886 4152 “
895 4124 1006 4173 Vinalia’'
1020 4127 1088 4187 (qun
1100 4138 1148 4170 rer.
1157 4122 1228 4182 863.)

175 4201 314 4256 liemarus,
321 4202 409 4256 imbres,
417 4210 505 4248 emrtus
513 4203 583 4249 cauis.
607 4201 679 4248 Plura
729 4207 745 4226 ⁴⁸
755 4198 885 4261 Robigalia
894 4199 917 4245 N
920 4213 975 4246 uma
984 4195 1084 4245 instituit
1091 4210 1154 4242 anno
1162 4193 1229 4257 regni
