2806 5018
187 360 250 426 ara
476 357 515 422 P.
539 356 699 424 ovruu
724 340 932 422 ussurus

191 533 256 606 Sic
273 530 354 614 tibi,
374 553 489 627 quam
507 539 651 626 raptam
670 530 850 626 quereris,
871 525 920 600 sit
937 524 1014 598 filia
1032 549 1184 624 sospes:

242 646 384 741 Surge3
413 667 483 717 neo
502 644 648 742 exiguae
665 643 820 741 despice
837 651 940 716 tecta
956 663 1068 713 casae.

192 760 265 834 Cui
286 759 389 846 Dea;
417 758 515 846 Duc,
536 758 678 854 inquit;
705 759 822 843 scisti,
842 781 919 854 qua
935 779 1072 852 cogere
1089 776 1225 854 posses.

243 874 372 972 Seque
390 874 490 947 levat
507 897 612 959 saxo,
633 873 952 971 subsequiturque
970 893 1115 943 senem.

194 988 284 1062 Dux
303 987 431 1062 comiti
450 999 585 1073 narrat,
605 1003 717 1083 quam
736 988 786 1060 sit
803 987 874 1058 sibi
892 985 989 1059 filius
1007 1008 1130 1081 oeger;

242 1102 325 1177 Nec
343 1102 469 1201 capiat
486 1125 650 1188 somnos,
670 1101 915 1196 invigiletque
935 1099 1056 1172 malis.
1164 1101 1229 1170 530

192 1215 537 1315 Illa-soporiferum,
558 1238 690 1312 parvos
708 1215 844 1287 initura
861 1225 1031 1311 penates,

242 1333 399 1429 Colligit
416 1332 554 1427 agresti
572 1331 657 1403 lene
676 1353 837 1428 papaver
853 1330 980 1402 humo.

193 1449 294 1522 Dum
312 1448 414 1544 legit,
434 1446 551 1519 oblito
567 1444 683 1519 fertur
700 1454 872 1541 gustasse
891 1445 1030 1540 palato,

242 1562 486 1657 Longumque
504 1560 723 1657 imprudens
741 1559 950 1632 exsoluisse
967 1557 1119 1632 samem.

194 1676 289 1761 Quae
307 1677 397 1773 quia
414 1676 598 1774 principio
615 1675 742 1772 posuit
754 1674 900 1770 jejunia
917 1672 1053 1760 noctis,
1162 1675 1226 1746 535

243 1791 411 1890 Tempus
429 1792 570 1866 habent
588 1803 720 1888 mystae
740 1790 863 1862 sidera
880 1790 959 1862 visa
975 1787 1065 1862 cibi.

196 1908 327 1981 Limen
344 1919 387 1981 ut
404 1908 565 1994 intravit,
585 1909 708 1980 luctus
726 1905 827 1978 videt
845 1904 971 1977 omnia
987 1903 1123 2000 plena:

242 2019 329 2097 Jam
347 2048 434 2121 spes
453 2023 491 2096 in
510 2046 625 2120 puero
643 2021 744 2094 nulla
762 2020 893 2093 salutis
911 2029 1005 2093 erat.

194 2136 320 2211 Matre
338 2137 510 2223 salutata,
530 2148 650 2210 mater
668 2134 854 2208 Metanira
870 2142 1037 2218 vocatur,

243 2249 266 2324 J
270 2275 409 2348 ungere
427 2251 581 2345 dignata
597 2259 656 2323 est
672 2249 874 2347 ospuerile
892 2272 973 2320 suo,
1162 2248 1224 2319 540

195 2365 322 2438 Pallor
339 2365 431 2449 abit,
451 2365 660 2460 subitaeque
677 2363 805 2458 vigent
822 2362 859 2434 in
877 2385 1032 2460 corpore
1050 2363 1166 2436 vires:

245 2477 390 2551 Tantus
408 2479 551 2551 coelesti
568 2479 671 2552 venit
688 2479 735 2550 ab
754 2501 817 2551 ore
833 2477 959 2573 vigor!

193 2591 289 2666 Tota
303 2592 436 2665 domus
452 2592 538 2665 laeta
550 2609 629 2665 est:
650 2592 720 2666 hoc
735 2604 805 2677 est,
817 2603 1023 2687 materque,
1040 2600 1221 2688 paterque,

246 2706 442 2803 Nataque:
471 2718 545 2779 tres
564 2707 617 2778 illi
635 2715 715 2779 tota
731 2705 833 2778 luere
851 2706 996 2778 domus.

195 2818 290 2893 Mox
308 2821 439 2917 epulas
458 2829 613 2918 ponunt,
631 2820 835 2917 liquefacta
851 2820 1009 2914 coagula
1026 2820 1138 2905 lacte,
1161 2818 1222 2890 545

244 2933 451 3032 Pomaque,
471 2947 511 3010 et
528 2936 564 3008 in
584 2934 722 3008 teneris
741 2958 854 3008 aurea
871 2934 982 3006 mella
998 2933 1105 3008 savis.

194 3050 372 3124 Abstinet
390 3052 487 3124 alma
505 3051 635 3136 Ceres,
655 3050 852 3146 somnique
870 3072 1055 3147 papavera
1072 3072 1202 3122 causas

246 3164 322 3238 Dat
339 3166 406 3238 tibi
424 3190 511 3238 oum
528 3165 656 3263 tepido
674 3163 771 3238 lacte
788 3163 964 3250 bibenda,
985 3188 1090 3261 puer.

226 3427 364 3476 ool-5³6.
380 3429 418 3475 De
424 3428 515 3493 jejunio
525 3429 636 3477 diutnmo
645 3431 691 3479 Ce-
741 3429 805 3478 teriis
816 3429 951 3484 minoribus,
958 3443 1011 3492 que
1023 3427 1048 3476 in
1060 3428 1171 3478 bonorem
1181 3430 1232 3478 Pro

194 3498 252 3547 reris
261 3499 286 3547 in
296 3498 338 3548 illo
347 3515 423 3549 errore
434 3503 582 3551 consentiunt
594 3512 692 3554 veteres.
740 3503 839 3566 serpinre
849 3500 1038 3549 celebrabantur.
1064 3501 1104 3550 Ab
1115 3503 1143 3551 iis
1154 3502 1232 3551 diversi

195 3572 226 3619 In
243 3571 331 3634 hymno
348 3575 474 3622 Homerico
489 3574 588 3639 primum
603 3577 692 3641 respuit
743 3575 842 3636 Epoptae,
851 3573 937 3623 initiati
947 3565 1066 3636 mysteriis
1076 3576 1202 3640 maioribus
1211 3575 1233 3622 in

196 3643 263 3691 eibos
273 3645 398 3693 Metanira
410 3646 633 3707 delicatiores5tnm
645 3666 692 3698 ver.
740 3648 852 3696 bonorem
873 3648 980 3706 Cereris;
1000 3646 1048 3695 vid.
1068 3649 1189 3697 Msursius
1206 3648 1234 3697 de

195 3716 253 3763 210.
265 3717 361 3765 cinnum
372 3718 525 3782 (Γλὴχωνα)
537 3721 605 3770 bibit.
624 3723 692 3772 Simi·
742 3720 876 3776 Eleusiniis.
884 3722 940 3769 item
947 3719 1027 3768 Fiseb.
1035 3720 1146 3771 inindioe
1155 3722 1237 3771 AEstb.

197 3789 250 3837 liter
260 3789 309 3838 sere
319 3791 381 3839 Met.
392 3808 414 3838 ν.
422 3794 479 3840 450.
490 3802 514 3840 et
526 3794 616 3843 Arnob.
627 3796 692 3844 dieto
741 3792 772 3841 sd
783 3809 864 3843 vocem
875 3794 996 3859 μυεῖσθαι.

197 3861 258 3917 loeo,
267 3862 307 3926 qui
319 3877 331 3910 e
343 3864 467 3912 Clemente
478 3865 552 3923 addit,
563 3868 588 3915 in
598 3869 690 3931 Mysta·
773 3869 829 3916 5⁴5.
845 3867 883 3914 De
894 3868 995 3931 coagulis
1005 3867 1103 3915 consule
1115 3876 1193 3917 notam
1207 3869 1236 3916 ad

196 3951 248 3983 mm
266 3936 379 3998 symbolis
397 3937 477 3994 inisse,
495 3939 605 3999 Jejussvi
624 3951 692 4004 atqsu
741 3941 802 3988 Met.
812 3939 861 3988 xiii.
872 3941 928 3989 030.
953 3940 1118 3989 Essumends
1128 3942 1189 3991 dilui
1200 3958 1235 3991 so·

196 4010 252 4056 ebibi
277 4024 399 4071 cyamus.
442 4010 514 4074 Apud
534 4013 639 4061 Servium
661 4014 691 4063 ad
741 4013 821 4062 lebant
832 4013 903 4062 lacte.

197 4082 284 4146 Georg.
295 4082 313 4130 i.
324 4084 380 4133 ala
389 4100 501 4146 papauera
517 4087 588 4133 sumit
602 4087 634 4135 sd
650 4089 690 4135 ob·
773 4088 829 4134 547.
847 4087 918 4136 Ceres
935 4103 1041 4152 puerum.
1052 4104 1128 4152 quum
1145 4090 1240 4138 immor·

195 4154 307 4205 livionem
317 4155 412 4206 doloris.
435 4157 523 4221 Myr«,
531 4156 615 4208 initiati
626 4175 688 4225 mys·
739 4161 811 4210 talem
832 4160 930 4211 reddere
950 4161 1031 4219 vellet,
1049 4173 1122 4213 noctu
1141 4163 1168 4213 in
1187 4163 1241 4228 igne
