2806 5018
482 359 538 424 IN
562 359 721 425 OVIDII
744 362 931 427 FASTOS.
1151 365 1216 431 ³87

218 527 343 612 Aperte
360 552 508 595 occasum
523 534 740 616 vespertinum
757 534 846 597 verbi
863 534 1008 598 innuunt.
1054 534 1214 602 Occasum

174 639 282 694 autem
301 634 489 697 matutinum
508 634 679 698 dicendum
697 634 796 698 fuisse
818 657 927 700 omnes
947 636 1103 702 viderunt.
1149 638 1212 703 Pro

174 730 281 795 oderit
297 744 403 797 autem
427 736 601 798 rescribere
621 736 711 810 obiit,
728 736 788 798 etsi
812 735 960 800 Latinum
981 737 1074 811 foret,
1091 760 1150 802 neo
1171 741 1212 804 ob

174 844 363 916 sequentem
374 858 500 900 versum
515 835 601 911 licet,
615 838 670 920 qui
682 858 846 920 vesperam
861 838 974 913 innuit,
988 860 1047 903 nec
1062 838 1112 904 bic
1127 863 1215 905 error

175 957 302 1020 semper
315 928 481 1002 recurrens
497 941 655 1003 concedit.

218 1037 247 1101 I.
262 1040 336 1103 653.
353 1041 397 1122 (d.
413 1041 456 1104 23
472 1039 495 1105 J
498 1047 564 1120 an.)
582 1041 724 1105 Occasus
741 1042 834 1126 Lyroe
853 1042 1049 1124 vespertinus
1069 1064 1142 1105 curn
1160 1065 1213 1107 oc-

174 1161 250 1204 casu
272 1141 391 1226 Reguli
411 1145 588 1227 vespertino
603 1144 758 1228 jungitur.
802 1144 885 1208 Toto
905 1142 988 1206 coelo
1010 1142 1065 1207 hos
1084 1145 1213 1208 differre

174 1262 216 1304 ne
235 1243 332 1306 verbo
352 1245 480 1327 quidem
502 1246 670 1318 indicatur,
687 1254 719 1307 et
743 1245 795 1308 ubi
816 1246 911 1308 iidem
931 1266 1060 1308 occasus
1074 1245 1211 1329 junctim

173 1353 342 1408 recurrunt
359 1350 501 1424 (censum
521 1368 616 1429 supra
632 1347 765 1426 tentavi)
782 1347 814 1410 ii.
828 1347 881 1410 57.
900 1348 997 1410 verbe
1012 1347 1082 1430 ejus
1101 1357 1224 1430 operte,

173 1445 324 1521 indicent,
349 1456 477 1531 poetam
504 1456 672 1531 utrumque
699 1447 822 1511 stellam
845 1456 913 1511 toto
936 1448 1019 1511 coelo
1041 1449 1211 1513 distantem

173 1549 267 1613 simui
282 1550 439 1625 occidere,
456 1551 648 1614 credidisse:

291 1694 347 1752 Illa
360 1705 442 1754 nocte
455 1694 558 1773 uliquis
571 1694 675 1754 tollens
688 1694 724 1753 ad
737 1694 830 1754 sidere
843 1696 959 1754 vultum

330 1787 433 1846 Dicet:
455 1788 514 1846 Ubi
528 1799 571 1846 est
584 1788 677 1856 hodie,
691 1809 754 1865 qure
766 1788 844 1867 Lyra
857 1788 939 1846 fulsit
952 1788 1035 1847 heri?

292 1880 428 1960 Dumque
442 1881 547 1960 Lyram
561 1891 678 1959 queret,
692 1880 779 1941 medii
793 1901 904 1960 quoque
917 1889 999 1959 terga
1013 1882 1117 1942 Leonis

330 1974 367 2033 111
379 1973 502 2052 liquidss
514 1975 606 2033 subito
617 1994 710 2034 mersa
722 1974 832 2034 videbit
845 1995 939 2052 equas.

220 2107 356 2173 Vertere
378 2107 484 2182 liceat,
500 2129 572 2191 quoe
593 2107 774 2171 K'dstnerus
799 2108 819 2171 l.
842 2129 870 2169 c.
891 2108 1022 2192 egregie
1043 2109 1212 2172 disseruit:
1271 2112 1273 2116 ’

174 2211 213 2275 Si
232 2209 304 2295 quis
328 2209 444 2274 frustra
464 2208 580 2294 Lyram
602 2210 802 2293 quaesiverat,
829 2208 937 2292 idque,
960 2216 996 2270 ut
1015 2218 1157 2292 apparet,
1178 2212 1212 2274 in

172 2313 251 2376 coeli
265 2321 355 2395 parte
372 2312 565 2395 vespertina,
581 2311 723 2375 converti
741 2310 823 2373 bunc
843 2310 965 2373 nonnisi
982 2311 1160 2394 oportebat,
1176 2319 1212 2374 ut

122 2425 125 2428 ’
174 2414 330 2477 orientem
345 2414 487 2477 videret:
512 2413 637 2495 poetice
655 2411 762 2496 igitur,
779 2433 841 2475 non
856 2411 940 2475 niori
952 2413 1138 2486 immersum,
1153 2413 1212 2476 sed

171 2525 376 2602 reserpentem
399 2536 418 2578 e
439 2516 516 2578 meri
530 2515 669 2579 videbat.
714 2514 811 2594 Quod
831 2514 858 2576 si
877 2522 1004 2577 noctem
1023 2513 1212 2597 pervigilare

172 2617 338 2691 voluisset,
355 2637 446 2680 mene
466 2617 594 2700 quidem
611 2616 729 2680 Leonis
748 2637 894 2679 occasum
913 2624 1058 2699 spectare
1076 2623 1212 2698 poteret.

174 2718 248 2783 Etsi
270 2728 376 2782 autem
396 2741 461 2782 nox
483 2720 612 2781 ineunte
634 2719 809 2782 Februario
829 2717 1017 2801 pervigilata
1036 2738 1100 2780 non
1121 2738 1212 2800 osque

173 2821 270 2905 longe
286 2821 380 2884 estin
397 2821 501 2895 Italis,
517 2841 554 2883 ac
570 2820 653 2883 forte
667 2819 831 2902 Gottingae
845 2820 952 2893 fuerit,
967 2818 1078 2882 dubito
1093 2826 1212 2895 tomen,

174 2944 217 2987 an
240 2924 335 2987 etiam
358 2923 472 2988 Romae
494 2924 535 2986 de
558 2924 691 3007 integrus
712 2923 814 2986 noctis
837 2921 1004 2985 intervallo
1024 2921 1128 2984 orbito
1150 2921 1214 2984 dici

175 3034 284 3107 queat.
329 3025 372 3087 Et
392 3026 514 3108 patebit
532 3025 587 3099 itu,
602 3024 765 3095 Ovidium,
781 3024 879 3109 Lyrcc
898 3032 929 3084 et
944 3023 1058 3087 Ιιοοπίε
1072 3042 1213 3086 occasum
1321 3022 1324 3026 ’

173 3128 270 3190 simul
283 3129 378 3202 cerni,
395 3150 470 3190 vere
489 3128 673 3190 credidisse.
720 3126 878 3189 Occasum
895 3125 940 3188 ibi
953 3125 1113 3207 duplicem
1129 3146 1211 3199 esse,

174 3229 368 3312 interpretes
390 3231 528 3292 breviter
549 3229 751 3301 adnotarunt,
768 3227 827 3290 etsi
843 3228 897 3290 vix
918 3226 1031 3309 aliquis
1047 3226 1122 3288 inde
1143 3246 1212 3288 sen-

176 3350 248 3393 snm
263 3331 323 3393 loci
339 3332 414 3394 setis
430 3331 600 3414 percipiat:
619 3331 668 3393 Eo
679 3331 777 3416 mapis
790 3327 1003 3413 exponendum
1017 3337 1105 3401 esset,
1117 3349 1213 3412 quam

169 3442 298 3517 preter
314 3443 464 3497 naturam
473 3434 595 3518 possim
611 3433 790 3517 depinxerit
802 3441 910 3515 pocta,
926 3432 960 3494 in
974 3432 1062 3512 cujus
1075 3429 1212 3513 descrip-

177 3535 314 3597 tionibus
333 3535 409 3597 arici
428 3557 488 3598 non
508 3535 616 3621 tepere,
630 3534 686 3596 sed
702 3536 803 3618 ipsam
823 3543 973 3597 naturam
991 3531 1111 3595 intueri
1127 3530 1214 3595 nobis

176 3629 387 3701 arbitramur.
434 3638 533 3701 Haud
554 3637 649 3700 dubie
667 3636 774 3699 stelias
793 3636 915 3698 nonnisi
933 3656 952 3698 e
967 3633 1064 3707 libris,
1076 3640 1213 3697 caeterer

178 3759 230 3800 res
257 3759 299 3800 ex
321 3739 388 3822 ipsa
412 3748 524 3802 natura
547 3738 706 3821 cognovit,
728 3747 761 3799 et
782 3737 885 3799 defuit
908 3758 971 3799 una
992 3757 1011 3798 e
1033 3734 1213 3806 virtutibus,

178 3860 257 3921 quas
274 3839 305 3900 in
321 3840 518 3902 Astronomis
534 3839 658 3902 iaudat:

336 3974 401 4032 Non
420 3974 446 4031 V
443 3993 521 4041 crtus,
536 3983 566 4031 et
579 3973 678 4030 vinum
691 3971 824 4029 sublimio
838 3980 950 4047 pectora
963 3968 1061 4045 fregit.

224 4101 275 4164 Dc
298 4101 367 4165 aliis
389 4101 467 4166 locis
488 4121 616 4163 monere
641 4099 746 4170 liceat,
767 4098 821 4160 ubi
843 4098 955 4160 eadem
978 4103 1028 4158 est
1049 4094 1213 4175 utriusque
