2806 5018
467 387 521 453 IN
545 386 706 452 OVIDII
730 387 918 452 FAS'l'OS.
1149 385 1216 450 389

213 559 256 621 1⁰.
274 557 335 623 IV.
350 558 425 623 900.
441 560 507 641 (die
522 559 566 623 ‘25
579 559 713 643 Aprilis)
728 560 823 622 Aries
838 559 955 622 dicitnr
969 557 1134 622 occidere:

288 694 331 753 Et
343 696 450 753 frustra
463 695 602 773 pecudem
616 715 726 773 queres
739 692 961 753 Athamantidos
976 692 1089 752 Helles.

174 820 312 884 &casus
332 821 526 907 acrooyclius
547 821 656 903 (Aries
673 821 738 884 120.
757 821 826 897 45.)
847 821 938 883 valde
958 820 1033 883 inde
1054 819 1212 895 dissentit,

170 944 270 1005 quum
289 923 322 985 in
342 923 395 985 dia
414 924 436 985 4
454 922 573 1006 Aprilis
594 922 724 996 incidat,
746 932 837 985 ortos
855 922 1002 995 heliacus,
1024 943 1120 1005 quem
1142 921 1214 987 huic

172 1024 429 1087 substituendum
457 1033 549 1107 putat
577 1023 771 1098 Pontedera,
798 1024 926 1107 propius
954 1024 1090 1098 accedit,
1115 1046 1214 1107 quum

171 1125 213 1187 sit
234 1125 265 1188 iu
286 1124 390 1188 Ariet.
410 1125 484 1200 22⁰,
504 1124 617 1188 8=d.
639 1125 681 1189 13
703 1124 806 1209 April.
851 1124 1005 1188 Attamen
1031 1124 1114 1188 haud
1137 1128 1213 1190 inde

171 1227 325 1310 sequitur,
342 1226 446 1290 locum
461 1227 694 1290 emendandum
711 1248 782 1290 esse
797 1247 870 1288 cum
887 1226 952 1289 viro
968 1225 1107 1301 laudato,

425 1371 489 1430 Nec
501 1372 609 1430 frustra
621 1370 761 1448 pecudem
774 1389 891 1448 queres,
905 1380 960 1428 etc.

173 1506 337 1571 Caeterum
349 1504 484 1569 Graecus
500 1511 611 1567 auctor
627 1504 851 1566 concivitcum
865 1502 1001 1566 Ovidio:
1022 1504 1107 1586 apud
1117 1503 1213 1568 Gom.

173 1609 214 1672 ad
238 1607 334 1670 Taur.
356 1608 378 1670 i.
396 1607 451 1692 qui
468 1606 534 1668 dica
542 1604 617 1690 sere
637 1605 790 1678 convenit,
807 1604 934 1688 legitur.
980 1610 1106 1680 Καλίιιιιφ
1122 1611 1133 1665 t
1151 1611 1216 1686 apii,

172 1713 248 1787 λήγει
272 1712 420 1778 emeliam,
442 1708 474 1770 id
501 1716 560 1782 est,
586 1707 702 1770 desinit
727 1707 812 1781 oriri,
839 1707 907 1770 sive
930 1717 1036 1790 partes
1061 1717 1215 1772 extremes

172 1810 330 1873 asterismi
350 1810 503 1883 oriuntur,
522 1831 618 1892 quum
640 1809 709 1872 dies
732 1809 825 1871 modo
846 1809 981 1891 scriptus
999 1809 1041 1872 13
1055 1809 1158 1893 April.
1174 1812 1214 1875 ad

173 1911 313 1974 lucidam
329 1911 361 1974 iu
377 1911 481 1994 capite
497 1911 629 1985 Arietis,
647 1911 733 1995 prius
749 1911 914 1986 orientem,
932 1913 1101 1994 pertineat.

216 2014 262 2077 2⁰.
287 2014 418 2099 Majoris
439 2016 591 2079 momenti
610 2014 709 2089 locus,
726 2016 769 2078 iii.
784 2016 859 2079 405.
877 2016 922 2095 (d.
936 2017 958 2079 5
973 2016 1086 2093 Mart.)
1101 2016 1216 2080 Arcto-

171 2116 293 2200 phylax
313 2116 430 2180 dicitur
448 2138 536 2180 mane
557 2116 705 2191 occidero,
721 2125 758 2179 ut
778 2127 888 2199 aperte
910 2119 1006 2180 verba
1026 2117 1218 2202 loquuntur:

333 2250 432 2322 Quum
445 2251 549 2310 croceis
562 2271 655 2310 rorare
669 2250 750 2329 genis
764 2249 901 2308 Tithonia
910 2252 1015 2328 conjux

371 2345 509 2423 Coeperit,
524 2355 553 2403 et
566 2346 675 2424 quinte
689 2356 817 2424 tempora
830 2345 903 2405 lucis
917 2356 1000 2423 aget;

333 2438 401 2498 Sive
414 2449 459 2497 est
470 2438 675 2517 Arctophylax,
686 2439 746 2498 sive
759 2450 803 2498 eet
817 2441 898 2518 piger
911 2439 961 2499 ille
976 2440 1080 2500 Bootae

373 2532 533 2611 Mergctur,
544 2533 622 2591 visus
636 2532 807 2612 affiigictpue
819 2546 892 2593 tuos.

334 2625 377 2685 At
390 2646 448 2685 nou
461 2626 580 2703 effugiet
598 2627 623 2684 V
622 2626 780 2686 indemiior.

173 2755 388 2822 Substituitur
414 2776 540 2818 occasus
566 2756 741 2819 nictatione
765 2758 853 2820 ortui
877 2760 1064 2842 vespertino,
1092 2760 1124 2822 in
1153 2783 1217 2844 quo

175 2879 288 2921 omnes
315 2858 526 2920 consentiunt.
575 2857 767 2932 Euctemon,
795 2859 849 2941 qui
879 2859 956 2922 item
982 2858 1156 2924 Arcturum
1184 2871 1218 2925 et

177 2959 453 3022 Vindemlaiorem
464 2958 571 3043 jungit
581 2984 590 3032 ;
609 2958 693 3021 Plse.
709 2958 769 3022 12:
788 2963 926 3035 Ευκτήμονι
937 2969 1068 3040 ἀρκτοῦρος
1079 2965 1217 3032 ἐπιτέλλει,

176 3068 223 3122 «at
236 3065 405 3141 ιιριηνγῆιηι
419 3065 533 3140 ἐκφανής.
578 3061 772 3125 Ptolemaeus
787 3060 872 3124 haud
887 3060 983 3123 dubie
999 3082 1041 3124 ex
1057 3063 1170 3125 eodem
1186 3064 1218 3126 d.

177 3162 201 3224 5
221 3159 317 3223 Mari.
336 3169 465 3238 ὰρκτοῦρος
483 3165 594 3240 ἑσπέριος
607 3165 744 3222 dearilla.
791 3161 874 3224 Plln.
889 3161 978 3224 xvlll.
992 3162 1045 3225 26.
1061 3160 1082 3224 8
1099 3161 1220 3226 Kalen·

178 3348 221 3396 rai
238 3345 357 3396 terrete
371 3362 461 3412 semper
477 3357 605 3396 recurrunt.
642 3348 674 3396 d·
724 3348 852 3397 Ptolemaeo
863 3348 889 3396 d.
903 3351 926 3396 5.
939 3350 962 3396 7.
973 3349 997 3396 9.
1008 3347 1091 3396 Martii
1104 3349 1218 3398 adscribi·

178 3430 248 3487 perta
258 3423 410 3470 commutatio
425 3423 448 3470 in
460 3422 561 3471 Gemino
570 3423 674 3471 Piscium
724 3422 797 3479 tund
813 3424 895 3478 κοινὸς
909 3419 992 3471 ἵππου
1008 3423 1049 3470 καὶ
1059 3420 1221 3488 Ἀνδρομέδας

181 3498 226 3543 14:
257 3493 395 3559 Bdrrippoia
414 3493 496 3553 ἵππος
519 3496 580 3560 ἑῷος
600 3494 675 3553 δύνει,
724 3495 915 3562 ἔσπὲριοςδὺνει,
923 3512 996 3560 quum
1004 3495 1115 3561 ἑσπέριος
1125 3505 1150 3544 et
1160 3497 1219 3562 ἑῷος

179 3568 243 3634 qnod
254 3568 392 3617 mutandum
409 3585 460 3618 esse
473 3570 497 3618 ia
510 3568 675 3634 ἑῷος1πιτέλ-
724 3568 817 3618 facilius
841 3569 977 3618 commutari
1001 3578 1116 3635 poterant.
1157 3571 1219 3621 Vide

179 3645 215 3709 lta
226 3658 308 3691 omnes
317 3641 418 3692 rationes
426 3645 556 3709 postulant.
575 3645 674 3694 Gaudeo
724 3642 900 3691 emendationes
915 3642 954 3691 Ill.
971 3643 1057 3699 Plauti,
1075 3660 1098 3708 p.
1112 3645 1153 3691 01.
1169 3655 1220 3696 not.

180 3717 243 3766 idern
261 3717 454 3767 animadvertisse
472 3719 636 3775 Pontederem,
652 3737 675 3783 p.
725 3732 784 3780 quas
806 3715 865 3765 inter
886 3716 947 3765 hanc
971 3717 1044 3765 etiem
1064 3717 1222 3782 amplectitur.

181 3793 237 3840 405.
253 3791 295 3855 qui
310 3790 392 3840 eodem
406 3792 475 3841 modo
492 3792 605 3842 medetur.
638 3793 675 3840 Ita
725 3791 798 3839 Pares
825 3806 912 3839 errores
935 3806 997 3855 saepe
1024 3799 1089 3839 notet
1110 3792 1241 3842 Petavius

180 3865 252 3912 ctiam
269 3864 295 3912 iu
311 3863 353 3911 lib.
367 3864 401 3912 iii.
416 3866 546 3920 Fastorum,
561 3864 609 3913 dno
625 3881 675 3914 car-
725 3863 790 3912 Diss.
801 3881 825 3929 p.
836 3866 876 3913 90.
909 3864 939 3913 C.
951 3865 1066 3913 Firmicus
1079 3882 1120 3930 pro
1134 3882 1220 3917 occasu

181 3937 246 3985 mina
263 3938 319 3986 449.
337 3938 392 3986 459.
410 3939 565 4002 intelligenda
580 3948 635 3986 eunt
651 3947 676 3987 ot
725 3945 800 3986 ortum
811 3937 912 4002 scripsit,
922 3938 970 3987 viii.
982 3939 1019 3985 14.
1029 3955 1050 4004 p.
1062 3939 1105 3987 91.
1114 3939 1221 3989 itidem

180 4010 330 4076 explicanda.
363 4012 462 4062 Facilior
479 4022 559 4061 tamen
580 4013 675 4061 fortasse
726 4011 830 4060 Plinium
843 4014 966 4062 emendat:
985 4017 1109 4078 mergitur·
1121 4029 1163 4077 pro
1178 4017 1220 4060 ιἰιι-

180 4084 314 4134 emendatio
341 4085 407 4142 toret,
428 4087 448 4134 si
475 4085 585 4150 ἑσπέριος
608 4084 676 4135 δύνει
726 4088 847 4149 mergitur.

180 4157 282 4222 legatur,
300 4158 364 4222 quod
381 4175 449 4224 eque
467 4175 555 4208 verum·
563 4168 607 4216 est,
621 4167 646 4207 et
662 4173 676 4206 a
