2806 5018
185 345 251 410 m
476 344 516 408 P.
541 343 701 411 OVIDII
724 344 933 410 NASONIS

238 519 382 615 Sparsa
396 540 463 621 per
480 516 699 591 Ambracias
718 540 803 613 quae
815 520 972 614 jacuere
989 517 1095 591 vias:

189 634 365 730 Nataque
384 645 426 705 ut
443 633 622 720 AEacidae‚
637 634 774 731 jaculis
791 633 958 705 moriaris
977 633 1151 706 adactis:

238 748 327 821 Non
344 747 434 822 licet
450 749 522 821 hoc
542 748 672 822 Cereri
689 747 924 820 dissimulare
939 747 1065 820 nefas.

188 862 319 959 thue
337 886 454 959 nepos
471 862 564 936 dicti
582 873 708 935 nostro
726 861 837 935 modo
855 863 1022 935 carmine
1040 863 1144 958 regis

236 977 511 1050 Cantharidum
529 1000 663 1050 succos
681 978 794 1049 dante
813 991 968 1075 parente
987 979 1122 1052 bibas:
1159 982 1224 1051 310

185 1091 265 1165 Aut
282 1093 343 1189 pia
361 1104 398 1165 te
415 1114 514 1165 caeso
532 1091 679 1164 dicatur
696 1092 876 1175 adultera,
895 1092 1007 1178 sicut,

237 1206 324 1291 Qua
340 1206 479 1280 cecidit
496 1205 647 1280 Leucon
665 1206 824 1292 vindice,
843 1207 945 1280 dicta
960 1208 1027 1304 pia
1042 1220 1123 1282 est:

186 1321 309 1418 Inque
326 1345 459 1420 pyram
476 1332 602 1395 tecum
619 1320 810 1393 carissima
827 1322 984 1418 pignora
1000 1324 1154 1410 mittas;

236 1436 360 1521 Quam
377 1437 490 1510 finem
507 1439 591 1511 vitae
612 1436 891 1532 sardanapalus
909 1437 1049 1511 hahet:

187 1551 318 1648 thue
328 1551 433 1625 Jovis
448 1551 581 1649 Libyci
600 1550 782 1648 templum
795 1550 932 1624 violare
952 1564 1147 1648 parantes,
1160 1559 1224 1628 315

236 1665 336 1737 Aeta
354 1664 457 1738 Noto
474 1667 598 1739 vultus
616 1664 756 1737 condat
772 1687 886 1737 arena
902 1676 1013 1740 tuos:

185 1777 316 1876 thue
334 1791 551 1855 necatorum
569 1780 683 1854 Darei
699 1779 827 1854 fraude
844 1781 1017 1868 secundi,

237 1899 301 1973 Sic
319 1910 386 1973 tua
403 1900 601 1973 subsidens
618 1902 772 1972 devoret
788 1923 853 1971 ora
869 1899 990 1972 ciuis:

186 2106 288 2156 Achillis
297 2107 353 2164 filio,
364 2109 432 2174 cujus
440 2124 494 2157 ossa
504 2123 546 2172 per
556 2107 614 2155 fines
624 2106 684 2154 Am·
732 2104 929 2169 picer,Pyrrhum
936 2120 1051 2155 nuscum
1056 2108 1227 2172 Tigridem

185 2180 272 2229 tracta
291 2196 372 2245 sputa
390 2197 451 2238 esse,
467 2189 547 2229 narrat
565 2179 682 2244 Hyginus,
732 2177 852 2226 sublatum
868 2193 928 2226 osse.
945 2179 1025 2228 δην.
1066 2181 1227 2231 carme·

187 2253 248 2302 rau.
258 2253 339 2301 cxxiii.
356 2255 452 2302 Munus.
732 2268 815 2300 ww·
836 2252 961 2299 (3001οῦΥῦ
970 2253 1063 2302 1911111*
1072 2255 1226 2315 Vlfidsstffl‘

219 2328 277 2376 306.
296 2328 445 2391 Ambraciae]
468 2328 604 2382 Ambracia,
622 2335 682 2375 teste
735 2323 846 2382 Plinium,
863 2325 905 2373 lib.
920 2326 987 2374 xxix.
1007 2342 1063 2392 cap.
1082 2330 1110 2378 4.
1126 2340 1152 2378 et
1165 2330 1228 2379 Dios·

186 2400 262 2458 livio,
276 2402 332 2449 urbs
348 2402 373 2450 in
387 2400 458 2465 Epiro
470 2411 514 2458 est,
529 2416 611 2464 aspero
626 2401 682 2449 rub·
732 2396 899 2447 corid.lib.ti.
915 2399 981 2446 Van.
999 2400 1093 2450 Arrun.

182 2475 248 2539 jecta
274 2475 374 2531 tumulo,
398 2489 452 2537 qun
480 2472 570 2521 dudum
598 2471 682 2537 Pyrrhi
764 2472 820 2519 311.
837 2475 884 2519 Aut
899 2474 940 2533 pis
954 2483 976 2520 te
992 2475 1073 2538 nero]
1092 2477 1225 2531 [annuunt

185 2546 314 2610 regialuit.
733 2543 902 2593 vetustissimus
912 2544 982 2594 donet
999 2545 1224 2613 interpres.ethr·

218 2619 274 2667 ³07.
293 2617 398 2679 Nataque
415 2628 442 2665 ut
459 2617 584 2679 Eretria]
607 2617 640 2666 Ut
657 2616 681 2665 in
731 2616 786 2665 sicis
800 2616 894 2681 regibus
908 2618 1051 2683 Spartacum
1064 2623 1162 2672 fratrem
1172 2624 1224 2671 otei·

185 2692 259 2738 veteri
281 2690 381 2751 legimus
397 2691 572 2744 commentario,
589 2690 680 2737 Laoda-
731 2692 774 2747 dit,
786 2707 856 2754 regno
873 2692 928 2740 inde
946 2693 1018 2757 potiri
1036 2711 1146 2759 speram.
1162 2711 1224 2761 quum

185 2764 241 2818 mia,
256 2764 305 2810 sive
325 2763 443 2818 Periboea,
458 2763 540 2827 Pyrrhi
556 2764 604 2811 iilia
621 2764 678 2810 luit:
731 2775 824 2812 etiem
849 2765 947 2813 haberet
970 2782 1029 2814 cum
1056 2769 1133 2832 ipsius
1159 2768 1223 2817 fratris

185 2853 247 2901 quae,
262 2853 335 2901 quum
352 2837 375 2883 in
393 2838 507 2901 templum
522 2839 613 2885 Cereris
624 2840 681 2883 Am·
732 2854 811 2886 uxore.
845 2840 900 2886 Non
912 2848 1085 2889 tamenvotum
1097 2845 1224 2892 valuitnon·

185 2909 272 2958 bracia·
291 2909 443 2973 confugisset,
463 2909 610 2958 inimicorum
630 2911 682 2958 telis
731 2912 813 2974 sequi;
829 2927 883 2959 nam
897 2912 921 2959 in
932 2912 1023 2975 palude
1034 2916 1161 2963 Sabedana
1173 2917 1223 2963 let·

186 2992 222 3030 est
243 2983 375 3030 interfecta.
417 2983 557 3046 Intelligunt
576 2982 682 3030 nonnulli
731 2999 813 3031 eonem
824 2983 907 3032 mulier
918 2984 1048 3042 interfecit,
1060 3004 1136 3051 quare
1150 2990 1223 3053 piant

186 3055 330 3109 Heracliam,
342 3055 451 3102 Hieronis
462 3055 534 3102 filiam
544 3072 572 3103 ex
582 3056 682 3102 Achillis
728 3057 843 3119 judicata.
876 3057 967 3105 Dicunt
986 3063 1108 3117 nonnulli,
1126 3061 1222 3111 orttoeti

185 3143 279 3190 genere,
300 3143 352 3190 quae
370 3128 395 3174 in
416 3129 505 3192 templo
521 3128 614 3177 Cereris
636 3144 682 3175 una
731 3130 793 3192 regis
810 3130 878 3178 Ponti
896 3147 992 3179 uxorem
1009 3133 1073 3182 hanc
1094 3136 1172 3193 luisse,
1185 3150 1222 3183 unu

185 3217 238 3248 cum
257 3199 349 3247 duabus
367 3200 460 3248 filiabus
477 3217 491 3247 a
508 3202 595 3265 populo
611 3203 680 3264 Syra·
730 3204 845 3267 Spartaci.

185 3289 272 3320 cusano
284 3274 336 3321 telis
347 3274 454 3321 confossa
464 3274 558 3321 cecidit.
763 3278 818 3324 ³15.
839 3276 862 3323 U
863 3287 912 3338 tqtu
924 3277 988 3325 Jovts
1000 3280 1107 3345 Libyen]
1132 3282 1221 3343 Camby-

218 3349 273 3394 ³08.
292 3348 345 3394 Non
365 3351 424 3403 licet,
441 3348 501 3409 ete]
521 3348 577 3396 vid.
592 3348 680 3398 Justin.
731 3366 775 3405 ses,
790 3350 858 3413 cujus
877 3353 1036 3400 meminerunt
1057 3356 1187 3403 Herodotus
1203 3362 1221 3399 et

185 3420 227 3467 lib.
239 3420 319 3468 xxviii.
335 3421 398 3467 Zin.
730 3423 827 3486 Trogus,
837 3438 909 3486 quum
921 3424 1001 3472 studio
1013 3428 1134 3490 evagandi
1142 3430 1221 3489 AEgyp

218 3495 274 3542 309.
297 3493 369 3555 thue
384 3511 448 3555 nepos
461 3496 599 3557 mettere]
620 3495 680 3543 Mihi
732 3504 781 3543 tum
799 3505 897 3559 peteret,
917 3496 981 3544 misit
1003 3499 1044 3561 qui
1067 3501 1221 3565 popularentur

185 3568 289 3631 Pyrrhus
302 3567 419 3629 designari
433 3568 532 3624 videtur,
544 3570 584 3632 qui
599 3570 680 3617 tertius
731 3570 844 3633 templum
864 3569 1079 3632 locupletissimum
1094 3576 1160 3624 Jovis
1172 3574 1221 3620 Aur·

184 3640 620 3705 estabeo‚cujusresinltaliagestoe
632 3659 681 3690 me·
731 3643 819 3689 monis:
841 3643 881 3706 qui
898 3659 981 3691 omnes
999 3644 1034 3692 ira
1059 3648 1161 3695 numinis
1179 3660 1221 3692 urt-

184 3720 311 3758 morantur.
349 3713 395 3760 Hit·
414 3714 475 3760 enirn
498 3716 577 3777 magni
598 3716 681 3779 Pyrrhi
732 3732 814 3763 narum
825 3717 926 3763 cumulis
936 3717 1015 3766 obruti
1025 3732 1093 3767 sunt.
1111 3721 1179 3768 Dori.

185 3798 257 3846 nepos
271 3783 323 3831 suit.
356 3785 449 3833 Deinde
462 3787 595 3851 Olympias,
607 3799 682 3836 mater
765 3791 820 3836 316.
832 3792 892 3836 Arta
902 3789 984 3853 Noto]
1004 3791 1106 3855 Signate
1118 3792 1222 3857 adposite-

185 3856 245 3919 ejus,
269 3857 305 3904 vel
328 3858 389 3914 avia,
411 3870 438 3907 ut
462 3861 568 3907 nonnulli
592 3863 681 3916 volunt,
733 3878 778 3925 que
797 3863 855 3909 Noto
871 3862 940 3917 dixit,
958 3865 1017 3926 quia
1034 3866 1110 3915 flaute
1131 3877 1221 3913 tantum·

183 3928 301 3992 Tigridem
329 3932 433 3995 puellam
461 3934 605 3980 Leucadiam
632 3936 682 3998 ejus
733 3935 801 3982 ruodo
819 3936 907 3982 Austro
925 3936 952 3983 fit
973 3937 1017 3986 illa
1035 3955 1158 3988 arenarum
1174 3948 1222 3985 tem·

184 4004 348 4060 concubinam,
369 4002 503 4067 φαρμάκοις
528 4005 681 4063 ἀπέκτεινεν,
731 4019 818 4072 pestus,
839 4019 865 4056 ut
890 4020 973 4058 auctor
998 4023 1035 4060 est
1060 4014 1188 4063 Herodotus
1202 4021 1221 4057 et

185 4092 274 4125 veneno
285 4077 388 4131 sustulit,
399 4077 476 4140 inquit
487 4078 624 4135 Athenaeus,
636 4081 679 4128 lib.
732 4083 844 4129 Arrianus
851 4082 875 4129 iu
888 4084 965 4132 tertio.

184 4148 235 4198 xiii.
249 4166 274 4214 p.
292 4150 348 4198 579.
360 4148 458 4197 edition.
469 4150 572 4200 Casaub.
586 4162 613 4199 ut
630 4171 680 4202 sus·
763 4156 819 4203 317.
840 4155 913 4217 thue
931 4169 1068 4207 necatorum
1080 4159 1173 4220 Darei]
1189 4157 1219 4203 llt
