<?xml version="1.0" encoding="UTF-8"?>
<!DOCTYPE html PUBLIC "-//W3C//DTD XHTML 1.0 Transitional//EN"
    "http://www.w3.org/TR/xhtml1/DTD/xhtml1-transitional.dtd">
<html xmlns="http://www.w3.org/1999/xhtml" xml:lang="en" lang="en">
 <head>
  <title>
</title>
<meta http-equiv="Content-Type" content="text/html;charset=utf-8" />
  <meta name='ocr-system' content='tesseract 3.04.00' />
  <meta name='ocr-capabilities' content='ocr_page ocr_carea ocr_par ocr_line ocrx_word'/>
</head>
<body>
  <div class='ocr_page' id='page_1' title='image "./povidiinasoniso03burmgoog_0023.png"; bbox 0 0 2806 5018; ppageno 0'>
   <div class='ocr_carea' id='block_1_1' title="bbox 141 342 926 417">
    <p class='ocr_par' dir='ltr' id='par_1_1' title="bbox 141 342 926 417">
     <span class='ocr_line' id='line_1_1' title="bbox 141 342 926 417; baseline -0.008 -3"><span class='ocrx_word' id='word_1_1' title='bbox 141 411 143 414; x_wconf 11' lang='grc' dir='ltr'><em>Α</em></span> <span class='ocrx_word' id='word_1_2' title='bbox 173 354 215 417; x_wconf 89' lang='grc'>10</span> <span class='ocrx_word' id='word_1_3' title='bbox 465 349 506 413; x_wconf 88' lang='grc' dir='ltr'>Ρ.</span> <span class='ocrx_word' id='word_1_4' title='bbox 528 345 690 413; x_wconf 89' lang='lat' dir='ltr'>OVIDll</span> <span class='ocrx_word' id='word_1_5' title='bbox 714 342 926 411; x_wconf 84' lang='lat' dir='ltr'>NASONIS</span> 
     </span>
    </p>
   </div>
   <div class='ocr_carea' id='block_1_2' title="bbox 176 517 1224 2117">
    <p class='ocr_par' dir='ltr' id='par_1_2' title="bbox 177 517 1188 735">
     <span class='ocr_line' id='line_1_2' title="bbox 177 517 1087 605; baseline -0.012 -8"><span class='ocrx_word' id='word_1_6' title='bbox 177 524 260 598; x_wconf 89' lang='lat' dir='ltr'>Ede</span> <span class='ocrx_word' id='word_1_7' title='bbox 278 523 386 596; x_wconf 90' lang='lat' dir='ltr'>simul</span> <span class='ocrx_word' id='word_1_8' title='bbox 406 544 571 605; x_wconf 85' lang='lat' dir='ltr'>causam,</span> <span class='ocrx_word' id='word_1_9' title='bbox 591 545 657 593; x_wconf 90' lang='lat' dir='ltr'>cur</span> <span class='ocrx_word' id='word_1_10' title='bbox 674 520 723 592; x_wconf 94' lang='lat' dir='ltr'>de</span> <span class='ocrx_word' id='word_1_11' title='bbox 740 517 958 592; x_wconf 88' lang='lat' dir='ltr'>coelestibus</span> <span class='ocrx_word' id='word_1_12' title='bbox 976 538 1087 601; x_wconf 88' lang='lat' dir='ltr'>unus,</span> 
     </span>
     <span class='ocr_line' id='line_1_3' title="bbox 229 629 1188 735; baseline -0.011 -23"><span class='ocrx_word' id='word_1_13' title='bbox 229 637 366 735; x_wconf 86' lang='lat' dir='ltr'>Sitque</span> <span class='ocrx_word' id='word_1_14' title='bbox 383 636 486 735; x_wconf 93' lang='lat' dir='ltr'>quod</span> <span class='ocrx_word' id='word_1_15' title='bbox 504 661 527 709; x_wconf 90' lang='lat' dir='ltr'>a</span> <span class='ocrx_word' id='word_1_16' title='bbox 543 646 662 731; x_wconf 80' lang='lat' dir='ltr'>tergo,</span> <span class='ocrx_word' id='word_1_17' title='bbox 682 635 806 731; x_wconf 88' lang='lat' dir='ltr'>sitque</span> <span class='ocrx_word' id='word_1_18' title='bbox 825 632 927 730; x_wconf 94' lang='lat' dir='ltr'>quod</span> <span class='ocrx_word' id='word_1_19' title='bbox 946 640 1050 717; x_wconf 84' lang='lat' dir='ltr'>ante,</span> <span class='ocrx_word' id='word_1_20' title='bbox 1066 629 1188 703; x_wconf 85' lang='lat' dir='ltr'>vides.</span> 
     </span>
    </p>

    <p class='ocr_par' dir='ltr' id='par_1_3' title="bbox 176 744 1180 962">
     <span class='ocr_line' id='line_1_4' title="bbox 176 744 1180 850; baseline -0.013 -22"><span class='ocrx_word' id='word_1_21' title='bbox 176 752 270 827; x_wconf 83' lang='lat' dir='ltr'>Hoec</span> <span class='ocrx_word' id='word_1_22' title='bbox 289 777 360 850; x_wconf 87' lang='lat' dir='ltr'>ego</span> <span class='ocrx_word' id='word_1_23' title='bbox 379 775 496 850; x_wconf 89' lang='lat' dir='ltr'>quum</span> <span class='ocrx_word' id='word_1_24' title='bbox 516 750 650 824; x_wconf 90' lang='lat' dir='ltr'>sumtis</span> <span class='ocrx_word' id='word_1_25' title='bbox 668 750 850 845; x_wconf 85' lang='lat' dir='ltr'>agitarem</span> <span class='ocrx_word' id='word_1_26' title='bbox 870 757 996 821; x_wconf 90' lang='lat' dir='ltr'>mente</span> <span class='ocrx_word' id='word_1_27' title='bbox 1013 744 1180 830; x_wconf 82' lang='lat' dir='ltr'>tabellis,</span> 
     </span>
     <span class='ocr_line' id='line_1_5' title="bbox 227 862 1096 962; baseline -0.007 -21"><span class='ocrx_word' id='word_1_28' title='bbox 227 867 403 941; x_wconf 90' lang='lat' dir='ltr'>Lucidior</span> <span class='ocrx_word' id='word_1_29' title='bbox 419 864 501 941; x_wconf 85' lang='lat' dir='ltr'>vise</span> <span class='ocrx_word' id='word_1_30' title='bbox 517 876 588 951; x_wconf 84' lang='lat' dir='ltr'>est,</span> <span class='ocrx_word' id='word_1_31' title='bbox 607 886 722 962; x_wconf 88' lang='lat' dir='ltr'>quam</span> <span class='ocrx_word' id='word_1_32' title='bbox 741 862 811 936; x_wconf 84' lang='lat' dir='ltr'>fuit</span> <span class='ocrx_word' id='word_1_33' title='bbox 827 872 928 948; x_wconf 87' lang='lat' dir='ltr'>ante,</span> <span class='ocrx_word' id='word_1_34' title='bbox 947 862 1096 935; x_wconf 82' lang='lat' dir='ltr'>domus.</span> 
     </span>
    </p>

    <p class='ocr_par' dir='ltr' id='par_1_4' title="bbox 176 974 1222 1196">
     <span class='ocr_line' id='line_1_6' title="bbox 176 974 1222 1084; baseline -0.011 -28"><span class='ocrx_word' id='word_1_35' title='bbox 176 982 273 1084; x_wconf 76' lang='lat' dir='ltr'>Tum</span> <span class='ocrx_word' id='word_1_36' title='bbox 292 1006 411 1068; x_wconf 85' lang='lat' dir='ltr'>secer,</span> <span class='ocrx_word' id='word_1_37' title='bbox 430 979 585 1078; x_wconf 85' lang='lat' dir='ltr'>ancipiti</span> <span class='ocrx_word' id='word_1_38' title='bbox 605 979 797 1052; x_wconf 89' lang='lat' dir='ltr'>mirandus</span> <span class='ocrx_word' id='word_1_39' title='bbox 814 977 991 1072; x_wconf 84' lang='lat' dir='ltr'>imagine,</span> <span class='ocrx_word' id='word_1_40' title='bbox 1009 974 1132 1047; x_wconf 86' lang='lat' dir='ltr'>Janus</span> <span class='ocrx_word' id='word_1_41' title='bbox 1175 977 1222 1047; x_wconf 82' lang='lat'>95</span> 
     </span>
     <span class='ocr_line' id='line_1_7' title="bbox 228 1092 976 1196; baseline -0.009 -25"><span class='ocrx_word' id='word_1_42' title='bbox 228 1097 325 1171; x_wconf 88' lang='lat' dir='ltr'>Bina</span> <span class='ocrx_word' id='word_1_43' title='bbox 343 1120 478 1196; x_wconf 87' lang='lat' dir='ltr'>repens</span> <span class='ocrx_word' id='word_1_44' title='bbox 496 1096 617 1168; x_wconf 90' lang='lat' dir='ltr'>oculis</span> <span class='ocrx_word' id='word_1_45' title='bbox 634 1093 771 1169; x_wconf 92' lang='lat' dir='ltr'>obtulit</span> <span class='ocrx_word' id='word_1_46' title='bbox 787 1118 853 1167; x_wconf 89' lang='lat' dir='ltr'>ora</span> <span class='ocrx_word' id='word_1_47' title='bbox 869 1092 976 1166; x_wconf 89' lang='lat' dir='ltr'>meis.</span> 
     </span>
    </p>

    <p class='ocr_par' dir='ltr' id='par_1_5' title="bbox 177 1207 1097 1425">
     <span class='ocr_line' id='line_1_8' title="bbox 177 1207 1097 1310; baseline -0.01 -24"><span class='ocrx_word' id='word_1_48' title='bbox 177 1212 390 1310; x_wconf 83' lang='lat' dir='ltr'>Obstupui3</span> <span class='ocrx_word' id='word_1_49' title='bbox 420 1211 599 1309; x_wconf 86' lang='lat' dir='ltr'>sensique</span> <span class='ocrx_word' id='word_1_50' title='bbox 618 1219 720 1285; x_wconf 88' lang='lat' dir='ltr'>metu</span> <span class='ocrx_word' id='word_1_51' title='bbox 738 1208 896 1305; x_wconf 83' lang='lat' dir='ltr'>riguisse</span> <span class='ocrx_word' id='word_1_52' title='bbox 914 1207 1097 1304; x_wconf 87' lang='lat' dir='ltr'>capillos;</span> 
     </span>
     <span class='ocr_line' id='line_1_9' title="bbox 229 1323 1022 1425; baseline -0.009 -23"><span class='ocrx_word' id='word_1_53' title='bbox 229 1328 280 1402; x_wconf 88' lang='lat' dir='ltr'>Et</span> <span class='ocrx_word' id='word_1_54' title='bbox 296 1328 463 1425; x_wconf 85' lang='lat' dir='ltr'>gelidum</span> <span class='ocrx_word' id='word_1_55' title='bbox 482 1326 606 1399; x_wconf 89' lang='lat' dir='ltr'>subito</span> <span class='ocrx_word' id='word_1_56' title='bbox 624 1323 760 1421; x_wconf 85' lang='lat' dir='ltr'>frigore</span> <span class='ocrx_word' id='word_1_57' title='bbox 778 1336 913 1422; x_wconf 88' lang='lat' dir='ltr'>pectus</span> <span class='ocrx_word' id='word_1_58' title='bbox 930 1333 1022 1396; x_wconf 90' lang='lat' dir='ltr'>erat.</span> 
     </span>
    </p>

    <p class='ocr_par' dir='ltr' id='par_1_6' title="bbox 177 1437 1224 1655">
     <span class='ocr_line' id='line_1_10' title="bbox 177 1437 1181 1537; baseline -0.008 -19"><span class='ocrx_word' id='word_1_59' title='bbox 177 1444 248 1518; x_wconf 91' lang='lat' dir='ltr'>Ille</span> <span class='ocrx_word' id='word_1_60' title='bbox 265 1454 399 1519; x_wconf 89' lang='lat' dir='ltr'>tenens</span> <span class='ocrx_word' id='word_1_61' title='bbox 417 1444 552 1516; x_wconf 85' lang='lat' dir='ltr'>dextra</span> <span class='ocrx_word' id='word_1_62' title='bbox 568 1441 758 1528; x_wconf 93' lang='lat' dir='ltr'>baculum,</span> <span class='ocrx_word' id='word_1_63' title='bbox 777 1440 997 1537; x_wconf 84' lang='lat' dir='ltr'>clavemque</span> <span class='ocrx_word' id='word_1_64' title='bbox 1016 1437 1181 1521; x_wconf 86' lang='lat' dir='ltr'>sinistra,</span> 
     </span>
     <span class='ocr_line' id='line_1_11' title="bbox 229 1556 1224 1655; baseline -0.005 -23"><span class='ocrx_word' id='word_1_65' title='bbox 229 1558 360 1632; x_wconf 81' lang='lat' dir='ltr'>Edidit</span> <span class='ocrx_word' id='word_1_66' title='bbox 377 1558 445 1631; x_wconf 90' lang='lat' dir='ltr'>hos</span> <span class='ocrx_word' id='word_1_67' title='bbox 464 1558 572 1631; x_wconf 90' lang='lat' dir='ltr'>nobis</span> <span class='ocrx_word' id='word_1_68' title='bbox 589 1581 653 1631; x_wconf 85' lang='lat' dir='ltr'>ore</span> <span class='ocrx_word' id='word_1_69' title='bbox 671 1556 795 1655; x_wconf 91' lang='lat' dir='ltr'>priore</span> <span class='ocrx_word' id='word_1_70' title='bbox 813 1580 948 1629; x_wconf 88' lang='lat' dir='ltr'>sonos:</span> <span class='ocrx_word' id='word_1_71' title='bbox 1154 1557 1224 1627; x_wconf 89' lang='grc'>100</span> 
     </span>
    </p>

    <p class='ocr_par' dir='ltr' id='par_1_7' title="bbox 179 1670 1115 1887">
     <span class='ocr_line' id='line_1_12' title="bbox 179 1670 1060 1770; baseline -0.008 -23"><span class='ocrx_word' id='word_1_72' title='bbox 179 1672 309 1759; x_wconf 88' lang='lat' dir='ltr'>Disce,</span> <span class='ocrx_word' id='word_1_73' title='bbox 328 1682 431 1747; x_wconf 90' lang='lat' dir='ltr'>metu</span> <span class='ocrx_word' id='word_1_74' title='bbox 448 1671 584 1770; x_wconf 84' lang='lat' dir='ltr'>posite,</span> <span class='ocrx_word' id='word_1_75' title='bbox 602 1682 706 1746; x_wconf 87' lang='lat' dir='ltr'>vates</span> <span class='ocrx_word' id='word_1_76' title='bbox 724 1694 883 1770; x_wconf 89' lang='lat' dir='ltr'>operose</span> <span class='ocrx_word' id='word_1_77' title='bbox 901 1670 1060 1755; x_wconf 88' lang='lat' dir='ltr'>dierum,</span> 
     </span>
     <span class='ocr_line' id='line_1_13' title="bbox 231 1785 1115 1887; baseline -0.002 -27"><span class='ocrx_word' id='word_1_78' title='bbox 231 1787 342 1873; x_wconf 85' lang='lat' dir='ltr'>Quod</span> <span class='ocrx_word' id='word_1_79' title='bbox 360 1788 473 1885; x_wconf 88' lang='lat' dir='ltr'>petis,</span> <span class='ocrx_word' id='word_1_80' title='bbox 491 1796 532 1859; x_wconf 88' lang='lat' dir='ltr'>et</span> <span class='ocrx_word' id='word_1_81' title='bbox 549 1811 660 1861; x_wconf 89' lang='lat' dir='ltr'>voces</span> <span class='ocrx_word' id='word_1_82' title='bbox 679 1785 832 1887; x_wconf 85' lang='lat' dir='ltr'>percipe</span> <span class='ocrx_word' id='word_1_83' title='bbox 849 1797 977 1859; x_wconf 90' lang='lat' dir='ltr'>mente</span> <span class='ocrx_word' id='word_1_84' title='bbox 996 1806 1115 1858; x_wconf 87' lang='lat' dir='ltr'>meas.</span> 
     </span>
    </p>

    <p class='ocr_par' dir='ltr' id='par_1_8' title="bbox 180 1899 1223 2117">
     <span class='ocr_line' id='line_1_14' title="bbox 180 1899 1223 1999; baseline -0.006 -22"><span class='ocrx_word' id='word_1_85' title='bbox 180 1900 247 1977; x_wconf 87' lang='lat' dir='ltr'>Me</span> <span class='ocrx_word' id='word_1_86' title='bbox 266 1901 392 1975; x_wconf 86' lang='lat' dir='ltr'>Chaos</span> <span class='ocrx_word' id='word_1_87' title='bbox 408 1900 567 1999; x_wconf 84' lang='lat' dir='ltr'>antiqui,</span> <span class='ocrx_word' id='word_1_88' title='bbox 586 1925 673 1974; x_wconf 86' lang='lat' dir='ltr'>nem</span> <span class='ocrx_word' id='word_1_89' title='bbox 691 1924 752 1976; x_wconf 89' lang='lat' dir='ltr'>res</span> <span class='ocrx_word' id='word_1_90' title='bbox 770 1924 853 1974; x_wconf 87' lang='lat' dir='ltr'>sum</span> <span class='ocrx_word' id='word_1_91' title='bbox 872 1899 1008 1999; x_wconf 86' lang='lat' dir='ltr'>prisca,</span> <span class='ocrx_word' id='word_1_92' title='bbox 1023 1899 1223 1972; x_wconf 82' lang='lat' dir='ltr'>vocabant.</span> 
     </span>
     <span class='ocr_line' id='line_1_15' title="bbox 229 2016 1130 2117; baseline 0 -27"><span class='ocrx_word' id='word_1_93' title='bbox 229 2017 409 2117; x_wconf 89' lang='lat' dir='ltr'>Adspice,</span> <span class='ocrx_word' id='word_1_94' title='bbox 428 2041 543 2115; x_wconf 91' lang='lat' dir='ltr'>quam</span> <span class='ocrx_word' id='word_1_95' title='bbox 560 2018 663 2114; x_wconf 85' lang='lat' dir='ltr'>longi</span> <span class='ocrx_word' id='word_1_96' title='bbox 679 2016 859 2114; x_wconf 89' lang='lat' dir='ltr'>temporis</span> <span class='ocrx_word' id='word_1_97' title='bbox 878 2025 964 2092; x_wconf 85' lang='lat' dir='ltr'>acte</span> <span class='ocrx_word' id='word_1_98' title='bbox 980 2037 1130 2090; x_wconf 76' lang='lat' dir='ltr'>canam</span> 
     </span>
    </p>
   </div>
   <div class='ocr_carea' id='block_1_3' title="bbox 176 2244 1267 4082">
    <p class='ocr_par' dir='ltr' id='par_1_9' title="bbox 176 2244 1226 2829">
     <span class='ocr_line' id='line_1_16' title="bbox 177 2244 1225 2315; baseline -0.003 -17"><span class='ocrx_word' id='word_1_99' title='bbox 177 2257 248 2315; x_wconf 81' lang='lat' dir='ltr'>putet</span> <span class='ocrx_word' id='word_1_100' title='bbox 261 2250 293 2298; x_wconf 85' lang='lat' dir='ltr'>eb</span> <span class='ocrx_word' id='word_1_101' title='bbox 306 2248 375 2299; x_wconf 83' lang='lat' dir='ltr'>initio</span> <span class='ocrx_word' id='word_1_102' title='bbox 387 2249 458 2300; x_wconf 77' lang='lat' dir='ltr'>luisse</span> <span class='ocrx_word' id='word_1_103' title='bbox 472 2250 635 2315; x_wconf 77' lang='lat' dir='ltr'>symbolicam,</span> <span class='ocrx_word' id='word_1_104' title='bbox 645 2249 676 2298; x_wconf 80' lang='lat' dir='ltr'>ed</span> <span class='ocrx_word' id='word_1_105' title='bbox 725 2250 794 2298; x_wconf 81' lang='lat' dir='ltr'>Mers</span> <span class='ocrx_word' id='word_1_106' title='bbox 801 2256 894 2314; x_wconf 81' lang='lat' dir='ltr'>postam</span> <span class='ocrx_word' id='word_1_107' title='bbox 903 2256 980 2297; x_wconf 78' lang='lat' dir='ltr'>vocet.</span> <span class='ocrx_word' id='word_1_108' title='bbox 996 2247 1012 2301; x_wconf 82' lang='lat' dir='ltr'>J</span> <span class='ocrx_word' id='word_1_109' title='bbox 1014 2261 1074 2295; x_wconf 73' lang='lat' dir='ltr'>snus</span> <span class='ocrx_word' id='word_1_110' title='bbox 1082 2244 1225 2313; x_wconf 81' lang='lat' dir='ltr'>principium</span> 
     </span>
     <span class='ocr_line' id='line_1_17' title="bbox 178 2319 1226 2380; baseline -0.001 -9"><span class='ocrx_word' id='word_1_111' title='bbox 178 2322 346 2372; x_wconf 78' lang='lat' dir='ltr'>deelernndnm</span> <span class='ocrx_word' id='word_1_112' title='bbox 362 2337 440 2372; x_wconf 86' lang='lat' dir='ltr'>rernm</span> <span class='ocrx_word' id='word_1_113' title='bbox 456 2331 573 2380; x_wconf 75' lang='lat' dir='ltr'>unturun,</span> <span class='ocrx_word' id='word_1_114' title='bbox 585 2322 676 2372; x_wconf 74' lang='lat' dir='ltr'>veriss-</span> <span class='ocrx_word' id='word_1_115' title='bbox 726 2322 859 2372; x_wconf 77' lang='lat' dir='ltr'>hebebatur</span> <span class='ocrx_word' id='word_1_116' title='bbox 866 2321 971 2371; x_wconf 86' lang='lat' dir='ltr'>omnium</span> <span class='ocrx_word' id='word_1_117' title='bbox 977 2336 1071 2380; x_wconf 74' lang='lat' dir='ltr'>rernm,</span> <span class='ocrx_word' id='word_1_118' title='bbox 1081 2319 1138 2369; x_wconf 89' lang='lat' dir='ltr'>inde</span> <span class='ocrx_word' id='word_1_119' title='bbox 1148 2319 1226 2370; x_wconf 70' lang='lat' dir='ltr'>dictu</span> 
     </span>
     <span class='ocr_line' id='line_1_18' title="bbox 178 2393 1225 2461; baseline -0.002 -17"><span class='ocrx_word' id='word_1_120' title='bbox 178 2411 226 2459; x_wconf 87' lang='lat' dir='ltr'>que</span> <span class='ocrx_word' id='word_1_121' title='bbox 236 2396 288 2461; x_wconf 86' lang='lat' dir='ltr'>ejus</span> <span class='ocrx_word' id='word_1_122' title='bbox 294 2395 456 2461; x_wconf 79' lang='lat' dir='ltr'>proprietstes.</span> <span class='ocrx_word' id='word_1_123' title='bbox 472 2396 526 2445; x_wconf 87' lang='lat' dir='ltr'>Hoc</span> <span class='ocrx_word' id='word_1_124' title='bbox 534 2404 624 2461; x_wconf 80' lang='lat' dir='ltr'>certum</span> <span class='ocrx_word' id='word_1_125' title='bbox 631 2404 676 2454; x_wconf 79' lang='lat' dir='ltr'>est,</span> <span class='ocrx_word' id='word_1_126' title='bbox 726 2397 847 2445; x_wconf 81' lang='lat' dir='ltr'>estelsos.</span> <span class='ocrx_word' id='word_1_127' title='bbox 868 2395 934 2454; x_wconf 86' lang='lat' dir='ltr'>Quin</span> <span class='ocrx_word' id='word_1_128' title='bbox 943 2402 1018 2450; x_wconf 74' lang='lat' dir='ltr'>erent,</span> <span class='ocrx_word' id='word_1_129' title='bbox 1030 2395 1072 2459; x_wconf 91' lang='lat' dir='ltr'>qni</span> <span class='ocrx_word' id='word_1_130' title='bbox 1083 2394 1163 2459; x_wconf 82' lang='lat' dir='ltr'>ipsum</span> <span class='ocrx_word' id='word_1_131' title='bbox 1174 2393 1225 2459; x_wconf 79' lang='lat' dir='ltr'>ejus</span> 
     </span>
     <span class='ocr_line' id='line_1_19' title="bbox 178 2467 1224 2525; baseline -0.002 -8"><span class='ocrx_word' id='word_1_132' title='bbox 178 2467 261 2517; x_wconf 80' lang='lat' dir='ltr'>fictum</span> <span class='ocrx_word' id='word_1_133' title='bbox 274 2483 329 2518; x_wconf 86' lang='lat' dir='ltr'>eum</span> <span class='ocrx_word' id='word_1_134' title='bbox 343 2484 395 2518; x_wconf 87' lang='lat' dir='ltr'>esse</span> <span class='ocrx_word' id='word_1_135' title='bbox 404 2470 530 2518; x_wconf 82' lang='lat' dir='ltr'>bifrontem</span> <span class='ocrx_word' id='word_1_136' title='bbox 543 2485 598 2520; x_wconf 84' lang='lat' dir='ltr'>cum</span> <span class='ocrx_word' id='word_1_137' title='bbox 609 2470 676 2520; x_wconf 79' lang='lat' dir='ltr'>cleve</span> <span class='ocrx_word' id='word_1_138' title='bbox 725 2484 811 2519; x_wconf 86' lang='lat' dir='ltr'>nomen</span> <span class='ocrx_word' id='word_1_139' title='bbox 828 2485 844 2518; x_wconf 85' lang='lat' dir='ltr'>n</span> <span class='ocrx_word' id='word_1_140' title='bbox 859 2485 914 2519; x_wconf 83' lang='lat' dir='ltr'>roc.</span> <span class='ocrx_word' id='word_1_141' title='bbox 931 2470 997 2519; x_wconf 76' lang='lat' dir='ltr'>cbaos</span> <span class='ocrx_word' id='word_1_142' title='bbox 1010 2467 1167 2525; x_wconf 81' lang='lat' dir='ltr'>deducerent,</span> <span class='ocrx_word' id='word_1_143' title='bbox 1183 2467 1224 2515; x_wconf 89' lang='lat' dir='ltr'>de-</span> 
     </span>
     <span class='ocr_line' id='line_1_20' title="bbox 179 2540 1226 2608; baseline -0.003 -18"><span class='ocrx_word' id='word_1_144' title='bbox 179 2549 205 2590; x_wconf 82' lang='lat' dir='ltr'>et</span> <span class='ocrx_word' id='word_1_145' title='bbox 214 2541 288 2606; x_wconf 73' lang='lat' dir='ltr'>virga,</span> <span class='ocrx_word' id='word_1_146' title='bbox 296 2541 443 2607; x_wconf 74' lang='lat' dir='ltr'>appellatum</span> <span class='ocrx_word' id='word_1_147' title='bbox 453 2544 557 2600; x_wconf 71' lang='lat' dir='ltr'>Putrem,</span> <span class='ocrx_word' id='word_1_148' title='bbox 566 2542 676 2594; x_wconf 85' lang='lat' dir='ltr'>omuibus</span> <span class='ocrx_word' id='word_1_149' title='bbox 726 2551 802 2592; x_wconf 66' lang='lat' dir='ltr'>tracte</span> <span class='ocrx_word' id='word_1_150' title='bbox 810 2540 1226 2608; x_wconf 68' lang='lat' dir='ltr'>adspirationevtureeuiuuv.</span> 
     </span>
     <span class='ocr_line' id='line_1_21' title="bbox 176 2613 1224 2683; baseline -0.001 -19"><span class='ocrx_word' id='word_1_151' title='bbox 176 2614 258 2681; x_wconf 69' lang='lat' dir='ltr'>jerus</span> <span class='ocrx_word' id='word_1_152' title='bbox 278 2615 409 2680; x_wconf 76' lang='lat' dir='ltr'>prefuisse,</span> <span class='ocrx_word' id='word_1_153' title='bbox 430 2616 456 2665; x_wconf 90' lang='lat' dir='ltr'>in</span> <span class='ocrx_word' id='word_1_154' title='bbox 477 2617 586 2666; x_wconf 87' lang='lat' dir='ltr'>omnibus</span> <span class='ocrx_word' id='word_1_155' title='bbox 603 2617 677 2667; x_wconf 74' lang='lat' dir='ltr'>sacris</span> <span class='ocrx_word' id='word_1_156' title='bbox 726 2616 806 2667; x_wconf 76' lang='lat' dir='ltr'>Chaos</span> <span class='ocrx_word' id='word_1_157' title='bbox 824 2617 924 2683; x_wconf 82' lang='lat' dir='ltr'>ejusque</span> <span class='ocrx_word' id='word_1_158' title='bbox 942 2615 1106 2665; x_wconf 80' lang='lat' dir='ltr'>lomntionem</span> <span class='ocrx_word' id='word_1_159' title='bbox 1125 2614 1167 2663; x_wconf 88' lang='lat' dir='ltr'>bic</span> <span class='ocrx_word' id='word_1_160' title='bbox 1183 2613 1224 2663; x_wconf 85' lang='lat' dir='ltr'>de-</span> 
     </span>
     <span class='ocr_line' id='line_1_22' title="bbox 178 2687 1222 2755; baseline -0.004 -17"><span class='ocrx_word' id='word_1_161' title='bbox 178 2687 281 2753; x_wconf 81' lang='lat' dir='ltr'>primum</span> <span class='ocrx_word' id='word_1_162' title='bbox 291 2703 342 2737; x_wconf 87' lang='lat' dir='ltr'>esse</span> <span class='ocrx_word' id='word_1_163' title='bbox 353 2687 497 2746; x_wconf 77' lang='lat' dir='ltr'>invocatum,</span> <span class='ocrx_word' id='word_1_164' title='bbox 508 2690 620 2739; x_wconf 73' lang='lat' dir='ltr'>utinum</span> <span class='ocrx_word' id='word_1_165' title='bbox 633 2690 677 2740; x_wconf 89' lang='lat' dir='ltr'>de·</span> <span class='ocrx_word' id='word_1_166' title='bbox 725 2690 816 2748; x_wconf 88' lang='lat' dir='ltr'>scribit,</span> <span class='ocrx_word' id='word_1_167' title='bbox 827 2699 854 2740; x_wconf 84' lang='lat' dir='ltr'>ut</span> <span class='ocrx_word' id='word_1_168' title='bbox 872 2709 893 2740; x_wconf 82' lang='lat' dir='ltr'>v.</span> <span class='ocrx_word' id='word_1_169' title='bbox 906 2692 933 2739; x_wconf 97' lang='lat' dir='ltr'>ll</span> <span class='ocrx_word' id='word_1_170' title='bbox 946 2706 1007 2755; x_wconf 75' lang='lat' dir='ltr'>sqq3</span> <span class='ocrx_word' id='word_1_171' title='bbox 1024 2687 1157 2739; x_wconf 67' lang='lat' dir='ltr'>Manat</span> <span class='ocrx_word' id='word_1_172' title='bbox 1172 2687 1222 2737; x_wconf 87' lang='lat' dir='ltr'>init.</span> 
     </span>
     <span class='ocr_line' id='line_1_23' title="bbox 180 2760 1223 2829; baseline 0.001 -21"><span class='ocrx_word' id='word_1_173' title='bbox 180 2760 252 2824; x_wconf 86' lang='lat' dir='ltr'>nique</span> <span class='ocrx_word' id='word_1_174' title='bbox 261 2760 334 2810; x_wconf 86' lang='lat' dir='ltr'>luisse</span> <span class='ocrx_word' id='word_1_175' title='bbox 343 2761 401 2811; x_wconf 79' lang='lat' dir='ltr'>belli</span> <span class='ocrx_word' id='word_1_176' title='bbox 412 2774 437 2811; x_wconf 83' lang='lat' dir='ltr'>et</span> <span class='ocrx_word' id='word_1_177' title='bbox 446 2760 520 2828; x_wconf 74' lang='lat' dir='ltr'>pecie</span> <span class='ocrx_word' id='word_1_178' title='bbox 727 2764 814 2814; x_wconf 77' lang='lat' dir='ltr'>Confer</span> <span class='ocrx_word' id='word_1_179' title='bbox 826 2772 851 2814; x_wconf 80' lang='lat' dir='ltr'>er</span> <span class='ocrx_word' id='word_1_180' title='bbox 863 2779 901 2822; x_wconf 83' lang='lat' dir='ltr'>ee,</span> <span class='ocrx_word' id='word_1_181' title='bbox 912 2779 965 2829; x_wconf 77' lang='lat' dir='ltr'>qun</span> <span class='ocrx_word' id='word_1_182' title='bbox 981 2780 1011 2812; x_wconf 84' lang='lat' dir='ltr'>es</span> <span class='ocrx_word' id='word_1_183' title='bbox 1025 2762 1062 2813; x_wconf 84' lang='lat' dir='ltr'>M.</span> <span class='ocrx_word' id='word_1_184' title='bbox 1074 2761 1187 2811; x_wconf 78' lang='lat' dir='ltr'>Messele</span> <span class='ocrx_word' id='word_1_185' title='bbox 1196 2760 1223 2809; x_wconf 67' lang='lat' dir='ltr'>li&lt;</span> 
     </span>
    </p>

    <p class='ocr_par' dir='ltr' id='par_1_10' title="bbox 178 2833 1267 4082">
     <span class='ocr_line' id='line_1_24' title="bbox 216 2833 1224 2898; baseline -0.001 -12"><span class='ocrx_word' id='word_1_186' title='bbox 216 2833 290 2886; x_wconf 73' lang='lat' dir='ltr'>Quem</span> <span class='ocrx_word' id='word_1_187' title='bbox 301 2835 495 2898; x_wconf 62' lang='lat' dir='ltr'>remen-bobes]</span> <span class='ocrx_word' id='word_1_188' title='bbox 508 2837 591 2895; x_wconf 87' lang='lat' dir='ltr'>Quum</span> <span class='ocrx_word' id='word_1_189' title='bbox 601 2834 677 2884; x_wconf 89' lang='lat' dir='ltr'>omnis</span> <span class='ocrx_word' id='word_1_190' title='bbox 725 2837 769 2886; x_wconf 91' lang='lat' dir='ltr'>bro</span> <span class='ocrx_word' id='word_1_191' title='bbox 787 2836 817 2887; x_wconf 90' lang='lat' dir='ltr'>de</span> <span class='ocrx_word' id='word_1_192' title='bbox 835 2839 898 2888; x_wconf 79' lang='lat' dir='ltr'>Jeno</span> <span class='ocrx_word' id='word_1_193' title='bbox 915 2837 1053 2888; x_wconf 79' lang='lat' dir='ltr'>Macrobius</span> <span class='ocrx_word' id='word_1_194' title='bbox 1069 2836 1094 2886; x_wconf 85' lang='lat' dir='ltr'>d.</span> <span class='ocrx_word' id='word_1_195' title='bbox 1105 2834 1122 2882; x_wconf 94' lang='lat' dir='ltr'>l.</span> <span class='ocrx_word' id='word_1_196' title='bbox 1142 2834 1224 2887; x_wconf 75' lang='lat' dir='ltr'>sdiert·</span> 
     </span>
     <span class='ocr_line' id='line_1_25' title="bbox 179 2904 1223 2975; baseline 0.004 -21"><span class='ocrx_word' id='word_1_197' title='bbox 179 2904 229 2954; x_wconf 75' lang='lat' dir='ltr'>lere</span> <span class='ocrx_word' id='word_1_198' title='bbox 248 2905 409 2956; x_wconf 77' lang='lat' dir='ltr'>Romanorum</span> <span class='ocrx_word' id='word_1_199' title='bbox 434 2907 678 2972; x_wconf 69' lang='lat' dir='ltr'>mythologiarum</span> <span class='ocrx_word' id='word_1_200' title='bbox 727 2910 781 2960; x_wconf 76' lang='lat' dir='ltr'>Liss</span> <span class='ocrx_word' id='word_1_201' title='bbox 796 2928 990 2968; x_wconf 73' lang='lat' dir='ltr'>rerumrerum,</span> <span class='ocrx_word' id='word_1_202' title='bbox 1007 2925 1098 2975; x_wconf 76' lang='lat' dir='ltr'>pugna,</span> <span class='ocrx_word' id='word_1_203' title='bbox 1111 2910 1166 2961; x_wconf 79' lang='lat' dir='ltr'>scil.</span> <span class='ocrx_word' id='word_1_204' title='bbox 1181 2912 1223 2960; x_wconf 78' lang='lat' dir='ltr'>ler-</span> 
     </span>
     <span class='ocr_line' id='line_1_26' title="bbox 180 2980 1223 3047; baseline 0.005 -18"><span class='ocrx_word' id='word_1_205' title='bbox 180 2980 380 3037; x_wconf 77' lang='lat' dir='ltr'>essetsGrsscis,</span> <span class='ocrx_word' id='word_1_206' title='bbox 391 2997 438 3030; x_wconf 88' lang='lat' dir='ltr'>non</span> <span class='ocrx_word' id='word_1_207' title='bbox 448 2988 537 3030; x_wconf 84' lang='lat' dir='ltr'>temere</span> <span class='ocrx_word' id='word_1_208' title='bbox 548 2982 599 3030; x_wconf 78' lang='lat' dir='ltr'>hec</span> <span class='ocrx_word' id='word_1_209' title='bbox 610 2997 675 3047; x_wconf 73' lang='lat' dir='ltr'>quss-</span> <span class='ocrx_word' id='word_1_210' title='bbox 726 2984 871 3034; x_wconf 78' lang='lat' dir='ltr'>mentatione</span> <span class='ocrx_word' id='word_1_211' title='bbox 900 2983 1070 3034; x_wconf 82' lang='lat' dir='ltr'>elementorum</span> <span class='ocrx_word' id='word_1_212' title='bbox 1099 2984 1223 3034; x_wconf 70' lang='lat' dir='ltr'>connerin-</span> 
     </span>
     <span class='ocr_line' id='line_1_27' title="bbox 178 3054 1222 3124; baseline 0.002 -21"><span class='ocrx_word' id='word_1_213' title='bbox 178 3060 270 3104; x_wconf 84' lang='lat' dir='ltr'>rnntnr.</span> <span class='ocrx_word' id='word_1_214' title='bbox 302 3054 437 3120; x_wconf 84' lang='lat' dir='ltr'>Responsio</span> <span class='ocrx_word' id='word_1_215' title='bbox 449 3063 529 3104; x_wconf 78' lang='lat' dir='ltr'>temen</span> <span class='ocrx_word' id='word_1_216' title='bbox 541 3054 618 3104; x_wconf 82' lang='lat' dir='ltr'>facilis</span> <span class='ocrx_word' id='word_1_217' title='bbox 632 3064 676 3112; x_wconf 82' lang='lat' dir='ltr'>est,</span> <span class='ocrx_word' id='word_1_218' title='bbox 725 3071 876 3122; x_wconf 72' lang='lat' dir='ltr'>numquam</span> <span class='ocrx_word' id='word_1_219' title='bbox 897 3058 998 3106; x_wconf 76' lang='lat' dir='ltr'>Merum.</span> <span class='ocrx_word' id='word_1_220' title='bbox 1014 3056 1040 3106; x_wconf 89' lang='lat' dir='ltr'>d.</span> <span class='ocrx_word' id='word_1_221' title='bbox 1056 3056 1074 3105; x_wconf 90' lang='lat' dir='ltr'>l.</span> <span class='ocrx_word' id='word_1_222' title='bbox 1091 3056 1222 3124; x_wconf 76' lang='lat' dir='ltr'>descripsit.</span> 
     </span>
     <span class='ocr_line' id='line_1_28' title="bbox 178 3126 1223 3196; baseline 0 -17"><span class='ocrx_word' id='word_1_223' title='bbox 178 3126 287 3179; x_wconf 77' lang='lat' dir='ltr'>sisumis</span> <span class='ocrx_word' id='word_1_224' title='bbox 296 3127 385 3177; x_wconf 72' lang='lat' dir='ltr'>lenum</span> <span class='ocrx_word' id='word_1_225' title='bbox 398 3127 589 3193; x_wconf 70' lang='lat' dir='ltr'>antiquissimum</span> <span class='ocrx_word' id='word_1_226' title='bbox 605 3129 677 3178; x_wconf 79' lang='lat' dir='ltr'>luisse</span> <span class='ocrx_word' id='word_1_227' title='bbox 726 3129 839 3186; x_wconf 73' lang='lat' dir='ltr'>rum,</span> <span class='ocrx_word' id='word_1_228' title='bbox 855 3129 938 3188; x_wconf 78' lang='lat' dir='ltr'>ether,</span> <span class='ocrx_word' id='word_1_229' title='bbox 953 3129 1023 3195; x_wconf 85' lang='lat' dir='ltr'>cujus</span> <span class='ocrx_word' id='word_1_230' title='bbox 1043 3139 1131 3180; x_wconf 75' lang='lat' dir='ltr'>nature</span> <span class='ocrx_word' id='word_1_231' title='bbox 1148 3130 1223 3196; x_wconf 74' lang='lat' dir='ltr'>ignes.</span> 
     </span>
     <span class='ocr_line' id='line_1_29' title="bbox 178 3200 1222 3270; baseline 0.006 -21"><span class='ocrx_word' id='word_1_232' title='bbox 178 3200 293 3251; x_wconf 75' lang='lat' dir='ltr'>Italorum</span> <span class='ocrx_word' id='word_1_233' title='bbox 314 3218 403 3267; x_wconf 81' lang='lat' dir='ltr'>regern.</span> <span class='ocrx_word' id='word_1_234' title='bbox 438 3202 491 3251; x_wconf 76' lang='lat' dir='ltr'>Lus</span> <span class='ocrx_word' id='word_1_235' title='bbox 512 3201 607 3267; x_wconf 73' lang='lat' dir='ltr'>signum</span> <span class='ocrx_word' id='word_1_236' title='bbox 628 3203 677 3252; x_wconf 84' lang='lat' dir='ltr'>Dei</span> <span class='ocrx_word' id='word_1_237' title='bbox 725 3204 848 3261; x_wconf 78' lang='lat' dir='ltr'>Ssdsruur,</span> <span class='ocrx_word' id='word_1_238' title='bbox 868 3204 1032 3261; x_wconf 84' lang='lat' dir='ltr'>subsederunt,</span> <span class='ocrx_word' id='word_1_239' title='bbox 1052 3204 1119 3270; x_wconf 88' lang='lat' dir='ltr'>quod</span> <span class='ocrx_word' id='word_1_240' title='bbox 1140 3223 1166 3255; x_wconf 77' lang='lat' dir='ltr'>v.</span> <span class='ocrx_word' id='word_1_241' title='bbox 1188 3205 1222 3255; x_wconf 78' lang='lat'>18.</span> 
     </span>
     <span class='ocr_line' id='line_1_30' title="bbox 178 3275 1222 3343; baseline 0.005 -20"><span class='ocrx_word' id='word_1_242' title='bbox 178 3275 311 3339; x_wconf 78' lang='lat' dir='ltr'>presentis.</span> <span class='ocrx_word' id='word_1_243' title='bbox 325 3276 392 3339; x_wconf 79' lang='lat' dir='ltr'>virg.</span> <span class='ocrx_word' id='word_1_244' title='bbox 407 3278 465 3326; x_wconf 87' lang='lat' dir='ltr'>AEn.</span> <span class='ocrx_word' id='word_1_245' title='bbox 481 3276 506 3325; x_wconf 92' lang='lat' dir='ltr'>ii.</span> <span class='ocrx_word' id='word_1_246' title='bbox 518 3279 574 3327; x_wconf 74' lang='lat'>590.</span> <span class='ocrx_word' id='word_1_247' title='bbox 589 3284 607 3306; x_wconf 81' lang='lat'>‘¹</span> <span class='ocrx_word' id='word_1_248' title='bbox 617 3293 678 3343; x_wconf 84' lang='lat' dir='ltr'>pure</span> <span class='ocrx_word' id='word_1_249' title='bbox 725 3275 820 3341; x_wconf 80' lang='lat' dir='ltr'>legitur.</span> <span class='ocrx_word' id='word_1_250' title='bbox 834 3277 914 3326; x_wconf 82' lang='lat' dir='ltr'>Tibul.</span> <span class='ocrx_word' id='word_1_251' title='bbox 925 3277 998 3325; x_wconf 83' lang='lat' dir='ltr'>1v.i.</span> <span class='ocrx_word' id='word_1_252' title='bbox 1014 3278 1050 3327; x_wconf 83' lang='lat'>19.</span> <span class='ocrx_word' id='word_1_253' title='bbox 1061 3293 1104 3343; x_wconf 85' lang='lat' dir='ltr'>pro</span> <span class='ocrx_word' id='word_1_254' title='bbox 1119 3294 1158 3336; x_wconf 85' lang='lat' dir='ltr'>eo,</span> <span class='ocrx_word' id='word_1_255' title='bbox 1168 3281 1222 3328; x_wconf 71' lang='lat' dir='ltr'>‹issi-</span> 
     </span>
     <span class='ocr_line' id='line_1_31' title="bbox 179 3348 1222 3419; baseline 0.008 -25"><span class='ocrx_word' id='word_1_256' title='bbox 179 3361 223 3411; x_wconf 81' lang='lat' dir='ltr'>per</span> <span class='ocrx_word' id='word_1_257' title='bbox 239 3357 333 3396; x_wconf 87' lang='lat' dir='ltr'>noctem</span> <span class='ocrx_word' id='word_1_258' title='bbox 348 3348 373 3397; x_wconf 89' lang='lat' dir='ltr'>in</span> <span class='ocrx_word' id='word_1_259' title='bbox 390 3348 444 3398; x_wconf 86' lang='lat' dir='ltr'>luce</span> <span class='ocrx_word' id='word_1_260' title='bbox 460 3349 553 3399; x_wconf 77' lang='lat' dir='ltr'>renuit</span> <span class='ocrx_word' id='word_1_261' title='bbox 562 3350 644 3400; x_wconf 88' lang='lat' dir='ltr'>Venus</span> <span class='ocrx_word' id='word_1_262' title='bbox 653 3349 677 3410; x_wconf 86' lang='lat'>;”</span> <span class='ocrx_word' id='word_1_263' title='bbox 725 3353 787 3401; x_wconf 82' lang='lat' dir='ltr'>dere.</span> <span class='ocrx_word' id='word_1_264' title='bbox 820 3352 872 3399; x_wconf 83' lang='lat' dir='ltr'>Solo</span> <span class='ocrx_word' id='word_1_265' title='bbox 886 3367 928 3416; x_wconf 86' lang='lat' dir='ltr'>pro</span> <span class='ocrx_word' id='word_1_266' title='bbox 945 3353 992 3401; x_wconf 84' lang='lat' dir='ltr'>loeo</span> <span class='ocrx_word' id='word_1_267' title='bbox 1002 3351 1116 3400; x_wconf 82' lang='lat' dir='ltr'>Heinsius</span> <span class='ocrx_word' id='word_1_268' title='bbox 1130 3369 1162 3402; x_wconf 84' lang='lat' dir='ltr'>ex</span> <span class='ocrx_word' id='word_1_269' title='bbox 1172 3353 1222 3419; x_wconf 84' lang='lat' dir='ltr'>pln-</span> 
     </span>
     <span class='ocr_line' id='line_1_32' title="bbox 180 3421 1223 3496; baseline 0.012 -28"><span class='ocrx_word' id='word_1_270' title='bbox 180 3421 261 3470; x_wconf 82' lang='lat' dir='ltr'>confer</span> <span class='ocrx_word' id='word_1_271' title='bbox 276 3421 386 3470; x_wconf 87' lang='lat' dir='ltr'>eumdem</span> <span class='ocrx_word' id='word_1_272' title='bbox 401 3421 501 3472; x_wconf 69' lang='lat' dir='ltr'>iussa.</span> <span class='ocrx_word' id='word_1_273' title='bbox 533 3424 588 3472; x_wconf 73' lang='lat' dir='ltr'>Hac</span> <span class='ocrx_word' id='word_1_274' title='bbox 605 3424 678 3487; x_wconf 79' lang='lat' dir='ltr'>igitur</span> <span class='ocrx_word' id='word_1_275' title='bbox 726 3424 791 3473; x_wconf 89' lang='lat' dir='ltr'>rimis</span> <span class='ocrx_word' id='word_1_276' title='bbox 800 3433 825 3474; x_wconf 84' lang='lat' dir='ltr'>et</span> <span class='ocrx_word' id='word_1_277' title='bbox 835 3425 971 3474; x_wconf 87' lang='lat' dir='ltr'>melioribus</span> <span class='ocrx_word' id='word_1_278' title='bbox 982 3426 1160 3493; x_wconf 75' lang='lat' dir='ltr'>Mssreoepir,</span> <span class='ocrx_word' id='word_1_279' title='bbox 1169 3430 1223 3496; x_wconf 79' lang='lat' dir='ltr'>quis</span> 
     </span>
     <span class='ocr_line' id='line_1_33' title="bbox 180 3492 1223 3565; baseline 0.012 -24"><span class='ocrx_word' id='word_1_280' title='bbox 180 3492 237 3541; x_wconf 77' lang='lat' dir='ltr'>Jani</span> <span class='ocrx_word' id='word_1_281' title='bbox 250 3493 305 3542; x_wconf 87' lang='lat' dir='ltr'>lnce</span> <span class='ocrx_word' id='word_1_282' title='bbox 320 3500 344 3542; x_wconf 87' lang='lat' dir='ltr'>et</span> <span class='ocrx_word' id='word_1_283' title='bbox 357 3497 434 3542; x_wconf 72' lang='grc' dir='ltr'><strong><em>ἀοπιω</em></strong></span> <span class='ocrx_word' id='word_1_284' title='bbox 447 3494 579 3543; x_wconf 75' lang='lat' dir='ltr'>collustrari</span> <span class='ocrx_word' id='word_1_285' title='bbox 592 3496 677 3561; x_wconf 82' lang='lat' dir='ltr'>potuit,</span> <span class='ocrx_word' id='word_1_286' title='bbox 726 3498 802 3547; x_wconf 89' lang='lat' dir='ltr'>solum</span> <span class='ocrx_word' id='word_1_287' title='bbox 821 3499 1008 3565; x_wconf 85' lang='lat' dir='ltr'>uniuscujusque</span> <span class='ocrx_word' id='word_1_288' title='bbox 1028 3499 1063 3549; x_wconf 86' lang='lat' dir='ltr'>rei</span> <span class='ocrx_word' id='word_1_289' title='bbox 1082 3501 1223 3554; x_wconf 72' lang='lat' dir='ltr'>fundamen·</span> 
     </span>
     <span class='ocr_line' id='line_1_34' title="bbox 180 3565 1224 3637; baseline 0.011 -24"><span class='ocrx_word' id='word_1_290' title='bbox 180 3573 213 3622; x_wconf 72' lang='grc' dir='ltr'>ει,</span> <span class='ocrx_word' id='word_1_291' title='bbox 224 3565 287 3630; x_wconf 87' lang='lat' dir='ltr'>qued</span> <span class='ocrx_word' id='word_1_292' title='bbox 299 3567 418 3631; x_wconf 77' lang='lat' dir='ltr'>Excerpts</span> <span class='ocrx_word' id='word_1_293' title='bbox 428 3566 507 3624; x_wconf 86' lang='lat' dir='ltr'>Vossi,</span> <span class='ocrx_word' id='word_1_294' title='bbox 517 3567 589 3616; x_wconf 83' lang='lat' dir='ltr'>Polit.</span> <span class='ocrx_word' id='word_1_295' title='bbox 600 3577 624 3617; x_wconf 88' lang='lat' dir='ltr'>et</span> <span class='ocrx_word' id='word_1_296' title='bbox 634 3569 677 3617; x_wconf 85' lang='lat' dir='ltr'>Er·</span> <span class='ocrx_word' id='word_1_297' title='bbox 728 3579 786 3628; x_wconf 85' lang='lat' dir='ltr'>tum,</span> <span class='ocrx_word' id='word_1_298' title='bbox 803 3581 828 3620; x_wconf 83' lang='lat' dir='ltr'>et</span> <span class='ocrx_word' id='word_1_299' title='bbox 845 3572 902 3637; x_wconf 79' lang='lat' dir='ltr'>quis</span> <span class='ocrx_word' id='word_1_300' title='bbox 920 3572 1024 3621; x_wconf 78' lang='lat' dir='ltr'>Metam.</span> <span class='ocrx_word' id='word_1_301' title='bbox 1042 3573 1058 3622; x_wconf 86' lang='lat' dir='ltr'>i.</span> <span class='ocrx_word' id='word_1_302' title='bbox 1076 3574 1124 3623; x_wconf 68' lang='lat'>⁷³.</span> <span class='ocrx_word' id='word_1_303' title='bbox 1138 3582 1154 3604; x_wconf 84' lang='lat'>“</span> <span class='ocrx_word' id='word_1_304' title='bbox 1163 3585 1224 3626; x_wconf 75' lang='lat' dir='ltr'>estre</span> 
     </span>
     <span class='ocr_line' id='line_1_35' title="bbox 181 3637 1225 3717; baseline 0.013 -31"><span class='ocrx_word' id='word_1_305' title='bbox 181 3637 241 3687; x_wconf 78' lang='lat' dir='ltr'>iord.</span> <span class='ocrx_word' id='word_1_306' title='bbox 252 3638 314 3688; x_wconf 83' lang='lat' dir='ltr'>Cod.</span> <span class='ocrx_word' id='word_1_307' title='bbox 324 3640 460 3703; x_wconf 67' lang='lat' dir='ltr'>proferunt,</span> <span class='ocrx_word' id='word_1_308' title='bbox 472 3640 678 3692; x_wconf 83' lang='lat' dir='ltr'>nec&#39;Bnrrnannus</span> <span class='ocrx_word' id='word_1_309' title='bbox 727 3653 809 3695; x_wconf 85' lang='lat' dir='ltr'>tenent</span> <span class='ocrx_word' id='word_1_310' title='bbox 818 3647 916 3695; x_wconf 82' lang='lat' dir='ltr'>creleste</span> <span class='ocrx_word' id='word_1_311' title='bbox 925 3646 1033 3696; x_wconf 87' lang='lat' dir='ltr'>solum.”</span> <span class='ocrx_word' id='word_1_312' title='bbox 1052 3648 1108 3698; x_wconf 78' lang='lat' dir='ltr'>Siue</span> <span class='ocrx_word' id='word_1_313' title='bbox 1119 3654 1225 3717; x_wconf 67' lang='lat' dir='ltr'>imagine.</span> 
     </span>
     <span class='ocr_line' id='line_1_36' title="bbox 178 3711 1225 3790; baseline 0.011 -29"><span class='ocrx_word' id='word_1_314' title='bbox 178 3711 278 3761; x_wconf 83' lang='lat' dir='ltr'>demost</span> <span class='ocrx_word' id='word_1_315' title='bbox 287 3714 342 3762; x_wconf 83' lang='lat' dir='ltr'>dies.</span> <span class='ocrx_word' id='word_1_316' title='bbox 727 3718 840 3776; x_wconf 78' lang='lat' dir='ltr'>informis,</span> <span class='ocrx_word' id='word_1_317' title='bbox 848 3727 875 3768; x_wconf 88' lang='lat' dir='ltr'>nt</span> <span class='ocrx_word' id='word_1_318' title='bbox 885 3719 1225 3790; x_wconf 70' lang='lat' dir='ltr'>Metem.i.87.sinsinsgin</span> 
     </span>
     <span class='ocr_line' id='line_1_37' title="bbox 181 3785 1226 3859; baseline 0.015 -27"><span class='ocrx_word' id='word_1_319' title='bbox 181 3785 253 3832; x_wconf 78' lang='lat' dir='ltr'>.r99.</span> <span class='ocrx_word' id='word_1_320' title='bbox 269 3786 378 3835; x_wconf 81' lang='lat' dir='ltr'>Macrob.</span> <span class='ocrx_word' id='word_1_321' title='bbox 395 3786 412 3836; x_wconf 87' lang='lat' dir='ltr'>i.</span> <span class='ocrx_word' id='word_1_322' title='bbox 425 3788 449 3836; x_wconf 80' lang='lat'>9.</span> <span class='ocrx_word' id='word_1_323' title='bbox 465 3787 542 3836; x_wconf 75' lang='lat' dir='ltr'>lenus</span> <span class='ocrx_word' id='word_1_324' title='bbox 557 3795 607 3837; x_wconf 86' lang='lat' dir='ltr'>“et</span> <span class='ocrx_word' id='word_1_325' title='bbox 622 3804 677 3836; x_wconf 85' lang='lat' dir='ltr'>cnm</span> <span class='ocrx_word' id='word_1_326' title='bbox 728 3794 803 3842; x_wconf 75' lang='lat' dir='ltr'>roilus.</span> <span class='ocrx_word' id='word_1_327' title='bbox 837 3793 965 3859; x_wconf 77' lang='lat' dir='ltr'>infaciem</span> <span class='ocrx_word' id='word_1_328' title='bbox 981 3796 1049 3851; x_wconf 80' lang='lat' dir='ltr'>rodii,</span> <span class='ocrx_word' id='word_1_329' title='bbox 1060 3795 1161 3846; x_wconf 73' lang='lat' dir='ltr'>formem</span> <span class='ocrx_word' id='word_1_330' title='bbox 1178 3797 1226 3848; x_wconf 71' lang='lat' dir='ltr'>db-</span> 
     </span>
     <span class='ocr_line' id='line_1_38' title="bbox 179 3857 1224 3935; baseline 0.014 -28"><span class='ocrx_word' id='word_1_331' title='bbox 179 3857 678 3925; x_wconf 81' lang='lat' dir='ltr'>claveecvirgaflgureturquasiomnium</span> <span class='ocrx_word' id='word_1_332' title='bbox 727 3866 825 3915; x_wconf 76' lang='lat' dir='ltr'>tinctum</span> <span class='ocrx_word' id='word_1_333' title='bbox 840 3868 931 3933; x_wconf 76' lang='lat' dir='ltr'>accepi.</span> <span class='ocrx_word' id='word_1_334' title='bbox 964 3868 1029 3918; x_wconf 79' lang='lat' dir='ltr'>Noto</span> <span class='ocrx_word' id='word_1_335' title='bbox 1042 3869 1224 3935; x_wconf 77' lang='lat' dir='ltr'>estipnlosns</span> 
     </span>
     <span class='ocr_line' id='line_1_39' title="bbox 178 3935 1267 4007; baseline 0.017 -30"><span class='ocrx_word' id='word_1_336' title='bbox 178 3939 300 3996; x_wconf 77' lang='lat' dir='ltr'>porterum</span> <span class='ocrx_word' id='word_1_337' title='bbox 321 3941 400 3981; x_wconf 82' lang='lat' dir='ltr'>custos</span> <span class='ocrx_word' id='word_1_338' title='bbox 418 3941 443 3980; x_wconf 85' lang='lat' dir='ltr'>et</span> <span class='ocrx_word' id='word_1_339' title='bbox 463 3941 539 3982; x_wconf 84' lang='lat' dir='ltr'>rector</span> <span class='ocrx_word' id='word_1_340' title='bbox 557 3935 676 3984; x_wconf 84' lang='lat' dir='ltr'>viarum.&#39;&#39;</span> <span class='ocrx_word' id='word_1_341' title='bbox 727 3939 818 4004; x_wconf 82' lang='lat' dir='ltr'>biceps,</span> <span class='ocrx_word' id='word_1_342' title='bbox 827 3940 895 4006; x_wconf 86' lang='lat' dir='ltr'>cujus</span> <span class='ocrx_word' id='word_1_343' title='bbox 904 3940 938 3989; x_wconf 86' lang='lat' dir='ltr'>sic</span> <span class='ocrx_word' id='word_1_344' title='bbox 947 3941 1008 4007; x_wconf 87' lang='lat' dir='ltr'>prior</span> <span class='ocrx_word' id='word_1_345' title='bbox 1017 3943 1225 3997; x_wconf 68' lang='lat' dir='ltr'>camsilem«.</span> <span class='ocrx_word' id='word_1_346' title='bbox 1263 3953 1267 3959; x_wconf 83' lang='grc'><strong>’</strong></span> 
     </span>
     <span class='ocr_line' id='line_1_40' title="bbox 183 4003 1225 4082; baseline 0.015 -32"><span class='ocrx_word' id='word_1_347' title='bbox 183 4003 229 4052; x_wconf 78' lang='lat' dir='ltr'>Ore</span> <span class='ocrx_word' id='word_1_348' title='bbox 237 4007 322 4065; x_wconf 82' lang='lat' dir='ltr'>priore,</span> <span class='ocrx_word' id='word_1_349' title='bbox 333 4021 373 4053; x_wconf 85' lang='lat' dir='ltr'>ore</span> <span class='ocrx_word' id='word_1_350' title='bbox 384 4006 415 4054; x_wconf 74' lang='lat' dir='ltr'>ed</span> <span class='ocrx_word' id='word_1_351' title='bbox 425 4021 463 4054; x_wconf 81' lang='lat' dir='ltr'>nie</span> <span class='ocrx_word' id='word_1_352' title='bbox 474 4022 594 4057; x_wconf 83' lang='lat' dir='ltr'>converso.</span> <span class='ocrx_word' id='word_1_353' title='bbox 613 4009 677 4057; x_wconf 82' lang='lat' dir='ltr'>Vates</span> <span class='ocrx_word' id='word_1_354' title='bbox 727 4016 788 4062; x_wconf 76' lang='lat' dir='ltr'>Aure</span> <span class='ocrx_word' id='word_1_355' title='bbox 797 4018 865 4077; x_wconf 77' lang='lat' dir='ltr'>qood,</span> <span class='ocrx_word' id='word_1_356' title='bbox 874 4024 920 4065; x_wconf 86' lang='lat' dir='ltr'>etc.</span> <span class='ocrx_word' id='word_1_357' title='bbox 927 4031 981 4081; x_wconf 82' lang='lat' dir='ltr'>pers</span> <span class='ocrx_word' id='word_1_358' title='bbox 992 4016 1078 4082; x_wconf 78' lang='lat' dir='ltr'>cepitis</span> <span class='ocrx_word' id='word_1_359' title='bbox 1087 4019 1190 4068; x_wconf 66' lang='lat' dir='ltr'>antemos</span> <span class='ocrx_word' id='word_1_360' title='bbox 1200 4028 1225 4070; x_wconf 81' lang='lat' dir='ltr'>es</span> 
     </span>
    </p>
   </div>
   <div class='ocr_carea' id='block_1_4' title="bbox 178 4079 1223 4225">
    <p class='ocr_par' dir='ltr' id='par_1_11' title="bbox 178 4079 1223 4225">
     <span class='ocr_line' id='line_1_41' title="bbox 180 4079 1223 4161; baseline 0.019 -37"><span class='ocrx_word' id='word_1_361' title='bbox 180 4093 281 4161; x_wconf 70' lang='lat' dir='ltr'>sperem</span> <span class='ocrx_word' id='word_1_362' title='bbox 290 4080 387 4137; x_wconf 58' lang='lat' dir='ltr'>dunum,</span> <span class='ocrx_word' id='word_1_363' title='bbox 398 4088 468 4144; x_wconf 77' lang='lat' dir='ltr'>poete</span> <span class='ocrx_word' id='word_1_364' title='bbox 478 4079 539 4129; x_wconf 83' lang='lat' dir='ltr'>serio</span> <span class='ocrx_word' id='word_1_365' title='bbox 549 4092 678 4148; x_wconf 83' lang='lat' dir='ltr'>occupatus</span> <span class='ocrx_word' id='word_1_366' title='bbox 726 4088 848 4151; x_wconf 82' lang='lat' dir='ltr'>posterior.</span> <span class='ocrx_word' id='word_1_367' title='bbox 867 4089 968 4141; x_wconf 75' lang='lat' dir='ltr'>Iaenzius</span> <span class='ocrx_word' id='word_1_368' title='bbox 976 4091 1099 4159; x_wconf 67' lang='lat' dir='ltr'>preterita</span> <span class='ocrx_word' id='word_1_369' title='bbox 1108 4081 1134 4141; x_wconf 81' lang='lat' dir='ltr'>el</span> <span class='ocrx_word' id='word_1_370' title='bbox 1144 4091 1223 4144; x_wconf 74' lang='lat' dir='ltr'>intare</span> 
     </span>
     <span class='ocr_line' id='line_1_42' title="bbox 178 4151 975 4225; baseline 0.009 -20"><span class='ocrx_word' id='word_1_371' title='bbox 178 4151 263 4205; x_wconf 77' lang='lat' dir='ltr'>dubus</span> <span class='ocrx_word' id='word_1_372' title='bbox 280 4153 452 4203; x_wconf 80' lang='lat' dir='ltr'>describendis.</span> <span class='ocrx_word' id='word_1_373' title='bbox 486 4155 525 4204; x_wconf 81' lang='lat' dir='ltr'>lte</span> <span class='ocrx_word' id='word_1_374' title='bbox 537 4163 562 4205; x_wconf 87' lang='lat' dir='ltr'>et</span> <span class='ocrx_word' id='word_1_375' title='bbox 573 4155 607 4207; x_wconf 88' lang='lat' dir='ltr'>iii.</span> <span class='ocrx_word' id='word_1_376' title='bbox 622 4157 675 4208; x_wconf 83' lang='lat'><strong>177.</strong></span> <span class='ocrx_word' id='word_1_377' title='bbox 725 4159 848 4225; x_wconf 82' lang='lat' dir='ltr'>intelligit.</span> <span class='ocrx_word' id='word_1_378' title='bbox 972 4157 975 4160; x_wconf 53' lang='grc'><strong><em>’</em></strong></span> 
     </span>
    </p>
   </div>
   <div class='ocr_carea' id='block_1_5' title="bbox 0 0 1414 5018">
    <p class='ocr_par' dir='ltr' id='par_1_12' title="bbox 0 0 1414 5018">
     <span class='ocr_line' id='line_1_43' title="bbox 0 0 1414 5018; baseline 0 0"><span class='ocrx_word' id='word_1_379' title='bbox 0 0 1414 5018; x_wconf 95' lang='lat' dir='ltr'> </span> 
     </span>
    </p>
   </div>
  </div>
 </body>
</html>
