2806 5018
359 359 414 423 IN
439 359 599 425 OVIDII
623 358 813 423 FASTOS.
1042 362 1106 428 881

55 553 226 608 annorum,
249 532 304 616 qui
331 533 456 617 cyclum
484 534 544 597 sub
568 533 709 596 Metonis
734 533 862 597 nomine
888 533 1108 598 circumlatum

55 634 252 710 efficiebant,
268 644 476 719 tempestates
497 637 655 701 sideribus
673 637 739 700 suis
755 637 966 720 adsignabant
980 645 1015 700 et
1028 659 1109 720 prae-

55 737 219 801 dicebant.
265 738 418 803 Servatus
440 741 535 802 etiam
558 748 628 802 erat
646 761 724 812 mos,
741 739 773 801 in
792 739 962 822 praeceptis
983 740 1110 804 rusticis

55 839 254 924 singulorum
269 842 470 925 negotiorum
486 851 631 925 tempora
647 863 709 904 non
731 842 771 904 ad
788 863 914 904 menses
933 863 1109 927 eorumque

57 942 139 1016 dies,
156 943 213 1006 sed
229 944 270 1006 ad
289 944 429 1007 siderum
450 954 537 1008 ortus
559 952 593 1006 et
614 966 746 1007 occasus
766 944 954 1026 principare,
969 952 1004 1007 et
1022 954 1109 1027 post-

57 1065 153 1127 quam
168 1046 279 1109 rustici
294 1047 324 1110 in
340 1047 411 1130 ipso
426 1047 510 1110 coelo
522 1047 693 1110 observare
706 1047 879 1120 desierant,
890 1046 1001 1109 harum
1017 1048 1109 1111 tabu·

56 1145 159 1210 larum
180 1170 241 1231 ope
263 1149 404 1232 cujusvis
419 1149 532 1213 sideris
547 1159 635 1212 ortus
651 1157 685 1212 et
699 1169 831 1211 occasus
846 1149 1060 1231 reperiebant,
1076 1159 1111 1215 et

57 1250 99 1312 ad
117 1252 233 1315 mensis
247 1252 317 1315 dies
333 1253 526 1316 referebant.
573 1250 764 1314 Observatio
786 1250 895 1313 barum
918 1251 1107 1327 tabularum,

57 1351 120 1415 etsi
136 1374 199 1415 non
220 1355 372 1438 rigorosa‚
390 1362 497 1417 tamen
512 1376 599 1437 saepe
615 1363 766 1417 accurata
786 1363 864 1425 erat,
882 1363 919 1416 ut
934 1353 1001 1436 jam
1018 1354 1108 1419 Psat-

57 1453 136 1517 lius¹
157 1458 289 1531 monuit,
304 1458 360 1541 qui
379 1458 475 1520 etiam
497 1456 617 1519 criticae
640 1477 701 1538 ope
722 1457 753 1517 in
775 1464 930 1518 contextu
951 1477 1108 1541 parapeg-

56 1566 178 1620 matum
209 1560 370 1624 interdum
396 1569 546 1643 corrupto
573 1560 743 1622 veritatem
772 1559 1004 1623 restituendam
1034 1581 1108 1625 esse

60 1660 180 1725 docuit.

104 1771 179 1835 Duo
193 1782 269 1836 sunt
282 1774 414 1857 antiqua
428 1781 656 1857 parapegmata
672 1794 796 1856 magnae
812 1771 1022 1848 auctoritatis,
1035 1796 1108 1858 quar

58 1873 299 1939 observationes
329 1876 451 1938 illorum
478 1884 739 1948 astronomorum,
765 1875 893 1936 nornine
919 1873 1109 1958 plerumque

58 1975 270 2052 laudatorum,
288 1978 378 2041 nobis
397 1985 574 2040 servarunt.
619 1976 766 2039 Alterum
782 1984 833 2038 cst
848 1975 1016 2039 Ptolemaei
1030 1977 1109 2056 (Pe-

58 2079 135 2142 savii
157 2078 332 2164 Uranolog.
353 2102 385 2163 p.
403 2080 471 2156 94.)
489 2088 523 2143 et
540 2080 722 2143 inscribitur
736 2085 831 2159 φάσεις
844 2088 965 2138 aeluros
978 2088 1109 2156 ἐπισημα.

59 2190 130 2257 mois,
155 2181 204 2243 vel
226 2188 323 2261 φάσεις
344 2191 465 2241 ἀπλανῶν
485 2188 529 2240 καὶ
551 2187 735 2257 ἐπισημασίαι,
759 2179 844 2262 quod
870 2178 936 2262 jam
963 2200 982 2242 a
1009 2179 1110 2244 Suida
1186 2244 1188 2248 Α

58 2284 217 2346 laudatur.
263 2283 406 2366 Singulis
431 2282 586 2345 mensium
609 2281 722 2344 diebus
746 2290 833 2342 ortus
856 2290 890 2344 et
914 2303 1046 2344 occasus
1066 2305 1110 2347 ex

59 2387 218 2450 variorum
239 2387 429 2449 anctoritate
447 2407 519 2447 cum
536 2390 721 2461 ἐπισημασίαις
737 2385 902 2468 adsignat;
926 2384 984 2447 boc
1001 2394 1109 2450 tamen

58 2490 223 2572 proprium
245 2489 351 2562 babet,
368 2488 453 2571 quod
477 2497 511 2549 et
535 2486 675 2550 scholion
700 2487 829 2561 indicat,
847 2510 909 2551 non
933 2510 1043 2552 omnes
1065 2490 1110 2552 ibi

58 2591 179 2664 stellas,
195 2592 251 2653 sed
272 2591 383 2673 primae
406 2598 529 2652 tantum
550 2599 584 2651 et
603 2591 752 2652 secundae
772 2591 1010 2674 magnitudinis,
1027 2591 1108 2654 indi-

58 2693 144 2765 σανίς
166 2692 336 2775 Vergilias,
349 2692 476 2754 Hoedos
492 2701 527 2753 et
540 2691 696 2774 ejusmodi
712 2693 849 2756 minores
865 2693 1012 2757 exclusas
1028 2716 1109 2758 esse.

59 2795 329 2858 Fructuosissima
344 2794 489 2878 ejusdem
507 2801 582 2855 nota
597 2802 658 2867 est,
676 2815 740 2876 qua
755 2795 795 2857 de
812 2796 1005 2867 auctoribus,
1022 2797 1108 2859 unde

57 2899 231 2961 conflatum
255 2909 315 2969 est,
334 2906 367 2959 et
391 2897 432 2958 de
453 2895 647 2977 regionibus,
671 2897 723 2957 ubi
748 2897 862 2980 singuli
887 2898 1108 2973 observabant,

57 3000 220 3083 exposuit.
265 2999 414 3062 Alterum
432 3008 481 3060 est
499 2996 625 3060 Gemini
640 2996 768 3077 (Petav.
785 2997 917 3060 Uranol.
933 3021 964 3081 p.
980 2999 1048 3074 64.)
1063 2999 1109 3061 illi

57 3102 233 3177 subsimile,
249 3102 294 3163 ita
315 3110 420 3163 tamen
439 3110 474 3161 ut
494 3099 600 3161 sidera
621 3120 682 3160 non
700 3100 816 3161 mensis
833 3100 956 3172 diebus,
973 3100 1029 3161 sed
1046 3102 1109 3183 sig-

58 3227 171 3268 norum
188 3205 320 3267 Zodiaci
335 3204 477 3287 partibus
492 3200 653 3283 adscripta
667 3201 739 3262 siut.
774 3201 929 3274 Tertium,
943 3223 963 3263 a
975 3202 1109 3265 Leonico

59 3488 125 3527 ποις.
158 3468 182 3514 Si
193 3469 255 3516 euim
267 3465 398 3515 accuratius
406 3468 557 3526 quareretur,
609 3458 686 3514 modo,
696 3476 776 3507 verum
788 3459 929 3523 reliquarum
942 3469 1108 3523 tempestatum

58 3542 234 3591 undevicesimo
251 3557 344 3605 qnoque
362 3555 432 3593 antro,
443 3552 490 3601 quo
505 3536 559 3583 Mc-
609 3548 695 3596 magna
708 3550 736 3580 ex
754 3544 818 3596 parte
827 3551 833 3591 ς
851 3533 912 3580 conl.
924 3533 1067 3590 Columella,
1080 3534 1109 3582 li-

57 3618 120 3666 tonis
131 3618 212 3681 cyclus
222 3617 328 3680 incoepit.
340 3630 393 3663 cum
406 3613 489 3661 iisdem
502 3610 558 3659 orti·
608 3607 650 3654 bro
662 3607 709 3654 lll.
722 3606 752 3652 si.
765 3623 813 3653 scc.
827 3609 852 3652 4.

56 3695 103 3740 bus
114 3693 209 3740 casalem
224 3700 374 3756 tempestates
389 3689 463 3735 redire
477 3686 558 3734 crede·
641 3687 653 3711 ¹
675 3682 703 3727 ln
719 3682 777 3728 libro
794 3683 896 3744 egregio,
908 3696 955 3745 quo
972 3680 1035 3728 omni
1053 3680 1108 3730 huic

57 3771 125 3815 bant.
162 3765 261 3812 brevius
277 3764 378 3828 spatium
394 3777 483 3825 poncns
495 3762 558 3809 l‘lin.
610 3766 746 3818 argumento
769 3755 881 3819 praeclare
903 3755 979 3802 luceru
1003 3753 1107 3804 adtulit:

57 3841 123 3890 xviii.
135 3859 154 3887 s.
166 3841 205 3888 57.
217 3840 271 3887 coll.
283 3839 307 3886 ii.
320 3855 339 3885 s.
352 3840 391 3884 48.
403 3846 488 3899 ‹puarto
499 3852 557 3899 quo·
611 3832 645 3878 l)e
659 3834 744 3878 ortrbus
761 3841 781 3876 et
799 3832 911 3877 ‹rccucilms
928 3832 1027 3877 siderum
1046 3834 1109 3890 oprrd

56 3933 104 3982 que
125 3930 188 3961 auno
205 3914 300 3961 casdem
319 3911 394 3961 redire
412 3928 441 3958 cx
460 3911 558 3957 Eudoxo
607 3917 709 3952 auctores
730 3907 831 3952 classicos
852 3906 1024 3951 commemoratis
1044 3903 1108 3950 Com·

56 3991 138 4038 tradit.
172 3990 285 4037 Omnium
296 3987 315 4035 si
327 3988 385 4034 libet
396 3988 497 4032 uriuimos
508 4000 557 4031 am·
609 3984 725 4035 uuututio,
740 3981 856 4044 Gottingae
878 3980 947 4027 1786.
966 3980 1055 4039 promto
1072 3994 1108 4024 or-

56 4068 129 4119 bitus,
139 4064 213 4111 rcrllre
224 4063 318 4110 eastern
330 4063 393 4108 vices
404 4060 558 4123 ‹landricunio
610 4069 672 4104 eruto.

55 4150 142 4188 exacto
160 4137 271 4186 Eudorus
288 4146 363 4201 putat,
376 4144 557 4220 non'ventorum
