2806 5018
413 372 730 438 CONSOLA'I'IO.
1040 370 1106 434 425

55 542 286 641 Erumpunt,
301 545 514 642 iterumque
532 557 688 643 gravant
701 545 963 641 gremiumque
981 544 1102 615 sinus·

109 658 250 732 Effusae
268 660 430 756 gravidis
448 663 705 759 uberibusque
724 662 843 756 genis.
998 662 1102 756 [que‚

57 773 105 847 In
120 774 218 847 vires
237 775 330 848 abiit
346 776 462 849 flendi
480 801 603 850 mora:
635 777 778 873 plenior
794 776 896 848 unda

111 889 267 976 Defluit,
286 891 425 986 exigua
442 891 473 963 si
492 915 569 988 qua
586 903 733 964 retenta
750 914 865 962 mora.

58 1004 313 1092 Tandem,ubi
325 1030 392 1103 per
402 1006 574 1080 lacrimas
589 1005 706 1090 licuit,
720 1005 775 1077 sic
792 1004 926 1110 flebilis
938 1028 1024 1077 orsa
1034 1015 1104 1090 est,

111 1121 288 1218 Singultu
307 1123 450 1195 medios
468 1122 700 1220 impediente
719 1145 852 1193 sonos:
1035 1124 1106 1191 120

58 1237 173 1324 Nate,
193 1240 316 1312 brevis
333 1238 490 1323 sructus,
510 1239 672 1337 duplicis
692 1262 773 1310 sors
792 1239 909 1310 altera
924 1247 1066 1333 partus,

112 1353 243 1427 Gloria
259 1353 453 1439 confectae,
472 1364 572 1440 uate,
592 1353 770 1451 parentis,
790 1353 856 1423 ubi
874 1351 940 1425 es?
1014 1353 1105 1445 [tus‚

61 1468 141 1541 Sed
153 1493 276 1565 neque
284 1471 365 1567 jam
375 1470 552 1567 duplicis,
562 1494 686 1566 neque
700 1472 779 1566 jam
794 1493 874 1540 sors
885 1469 1107 1562 altera‚par-

112 1584 243 1658 Gloria
259 1584 440 1658 confectae
458 1610 558 1658 nuuc
577 1610 729 1682 quoque
747 1585 889 1669 matris,
907 1583 971 1657 ubi
990 1582 1056 1656 es?

60 1697 170 1773 Heu!
191 1701 300 1773 modo
319 1713 459 1785 tantus
472 1703 535 1774 ubi
547 1704 614 1775 es?
632 1702 776 1774 tumulo
794 1700 1004 1798 portariset
1016 1695 1106 1792 igni.

115 1813 209 1888 Haec
228 1817 370 1889 suntin
389 1817 531 1889 reditus
549 1818 648 1891 dona
666 1817 833 1915 paranda
848 1816 958 1889 tuos?
1040 1816 1108 1885 126

63 1930 216 2029 Siccine
233 1931 370 2027 dignus
389 1956 472 2005 eras
490 1933 608 2005 oculis
626 1956 821 2005 occurrere
839 1931 993 2003 matris?

116 2045 180 2117 Sic
200 2071 269 2143 ego
288 2059 326 2120 te
344 2046 521 2120 reducem
541 2047 655 2143 digna
672 2047 798 2119 videre
816 2044 895 2116 sui?

63 2161 229 2235 Caesaris
247 2163 354 2235 uxori
372 2162 404 2234 si
422 2162 513 2236 talia
530 2163 655 2235 dicere
672 2163 728 2235 sas
747 2172 826 2250 est3

113 2283 201 2357 Jam
219 2286 362 2375 dubito,
382 2310 538 2380 magnos
556 2310 604 2358 an
623 2310 705 2359 rear
721 2310 806 2359 esse
826 2284 940 2358 Deos.
1040 2286 1110 2355 130

64 2397 167 2471 Nam
181 2399 274 2495 quid
292 2424 363 2494 ego
378 2399 537 2474 admisi?
556 2425 641 2498 quae
656 2425 730 2474 non
744 2425 815 2496 ego
830 2400 983 2473 numina
992 2399 1110 2484 cultu,

116 2513 222 2597 Quos
240 2538 311 2611 ego
330 2539 404 2587 non
424 2515 528 2613 potui
547 2514 779 2589 demeruisse
799 2515 927 2588 Deos?

65 2627 142 2702 Hic
160 2631 312 2727 pietatis
330 2630 474 2704 honos?
502 2644 603 2704 artus
622 2633 828 2730 amplector
846 2633 989 2706 inanes

118 2743 170 2817 Et
187 2757 292 2819 vorat
308 2746 376 2820 hos
394 2748 497 2844 ipsos
514 2749 667 2821 flamma
684 2772 870 2845 rogusque
889 2750 1005 2820 sinus.

63 2909 102 2948 tes
128 2900 185 2964 rrpd
209 2901 270 2956 τόξα
295 2900 471 2966 iuterpretatur.
505 2903 565 2951 Inde
615 2905 674 2950 ende
683 2909 765 2949 meter.
799 2902 882 2950 Venus
892 2899 988 2964 quidem
999 2898 1030 2948 nd
1041 2899 1114 2947 Amo-

63 2977 166 3024 coeunti
176 2976 237 3023 oculi
247 2975 310 3040 npud
322 2977 386 3024 Suet.
396 2975 450 3024 Tib.
461 2990 483 3023 c.
495 2977 524 3035 73
541 2984 565 3023 et
615 2990 673 3029 rem.
686 2975 743 3022 AEu.
755 2973 815 3021 libro
832 2973 848 3020 i.
859 2974 923 3020 668:
944 2980 960 3000 ⁴¹
972 2974 1044 3027 Nste,
1054 2987 1113 3020 mee

63 3064 120 3097 mox
141 3049 240 3097 Noster:
260 3051 465 3114 “Suspensaeque
483 3051 566 3098 oculus
615 3047 684 3103 vires,
696 3061 749 3095 mee
760 3061 847 3108 magne
857 3044 1060 3109 potentinsolus.”

63 3122 146 3170 fortior
156 3121 219 3170 intus
228 3122 303 3186 egit.”
327 3122 397 3180 Quod
409 3131 445 3170 est
455 3125 566 3170 resorbere
651 3121 705 3168 129.
722 3119 816 3168 Ceteris
826 3123 892 3167 uxori
902 3122 921 3166 si
930 3119 988 3165 tolio
995 3117 1116 3182 diceresne

57 3197 154 3258 fletum,
165 3203 192 3244 ut
203 3195 237 3243 nit
247 3197 332 3244 Senec.
344 3197 415 3244 Herc.
423 3197 474 3245 OEt.
485 3198 556 3247 1285.
615 3194 671 3257 esu]
691 3193 767 3241 Recte
778 3192 932 3256 corrigitque
943 3206 997 3238 mox
1008 3190 1112 3238 dicture:

101 3270 157 3317 117.
173 3267 423 3331 Inuiresobiitflerrdi
434 3269 516 3332 moro]
536 3269 564 3317 Id
617 3285 662 3316 non
684 3267 747 3315 enim
768 3266 870 3314 decebat
892 3265 992 3314 Cresnris
1010 3279 1115 3320 uxorem,

64 3351 111 3398 est,
124 3357 153 3391 eo
168 3343 245 3391 lluunt
260 3343 364 3391 lncrimn
380 3343 565 3407 uberioresque
615 3341 656 3406 qui
674 3350 700 3389 ut
716 3341 786 3388 rebus
799 3339 909 3403 politicis,
919 3340 953 3388 sic
965 3346 990 3386 et
1002 3336 1116 3401 religiosis

65 3416 158 3480 longior
173 3432 213 3464 ees
226 3432 291 3465 more
305 3415 418 3464 detinuit:
437 3432 486 3464 rem
502 3432 564 3465 com·
615 3424 723 3479 preerat,
734 3416 840 3461 dubitare
858 3431 889 3461 uri
907 3413 948 3460 Dii
965 3421 1044 3467 went,
1059 3411 1116 3460 licet

65 3488 190 3556 paratione
198 3490 308 3538 illustret.
616 3503 645 3536 eo
655 3487 823 3552 desperationis
830 3485 957 3533 ndductnm
966 3493 990 3532 et
997 3484 1116 3543 ementior,

101 3563 157 3611 120.
184 3563 462 3627 singultu-impediente
482 3563 564 3626 sonos]
617 3571 643 3607 ut
655 3561 741 3608 furenti
753 3558 870 3623 quidquid
882 3556 1004 3613 exciderit,
1016 3556 1062 3622 ipsi
1073 3557 1116 3606 Dii

68 3633 463 3698 PrqedierrteAEoetersl'ristlum,
471 3634 492 3684 1.
500 3634 568 3699 Eleg.
618 3634 700 3682 faciles
721 3633 877 3696 ignovissent:
905 3631 948 3680 sed
968 3630 1115 3680 occasionem

64 3710 101 3758 iii.
111 3711 158 3758 42:
169 3717 185 3737 ⁴·
193 3709 302 3773 Singultu
310 3707 400 3757 medios
409 3707 568 3772 prepediente
619 3717 702 3756 nectus
712 3705 814 3755 Ovidius
824 3722 890 3753 suam
900 3705 1010 3768 Augusto
1022 3705 1117 3770 pietatis

65 3783 163 3831 ennoel’
619 3782 705 3829 lamam
722 3779 865 3844 gratulandi,
877 3795 922 3827 uon
933 3778 1007 3828 voluit
1023 3788 1118 3844 preter·

104 3856 161 3902 122.
197 3854 278 3902 Gloria
303 3853 566 3920 consecter—parentio]
619 3853 720 3901 mittere.

66 3927 291 3985 Moemrescilicet3
308 3927 569 3976 nondumenimnunis.
654 3930 709 3976 132.
744 3928 805 3981 Quor
827 3943 867 3991 ego
889 3944 934 3975 non
956 3932 1030 3989 potul,
1051 3926 1115 3988 etc.]

68 4002 138 4051 Vett.
156 4000 219 4048 rud.
239 4011 374 4063 correpeetoe,·
403 4016 456 4065 quse
479 4015 524 4047 vox
545 3999 569 4048 in
620 4004 698 4060 Quem
709 4001 794 4066 inquit,
806 4001 911 4049 Deorum
922 4001 1026 4064 neglexi,
1038 4009 1065 4047 ut
1074 3998 1117 4047 nd·

66 4083 137 4125 ento
147 4075 226 4122 dolore
235 4074 392 4124 ambitiosior:
411 4074 484 4139 possit
491 4083 570 4122 tamen
620 4091 713 4124 versum
724 4089 816 4140 operere
827 4075 964 4123 merrrerr'm?

65 4145 178 4201 defendi,
205 4148 357 4212 oppositionis
381 4156 490 4212 respectu
516 4162 571 4195 cum
656 4149 710 4197 13⁴.
729 4148 760 4194 Et
776 4156 840 4195 voret
855 4148 892 4194 boe
906 4150 962 4208 ipsos
972 4146 1069 4209 flemme
1082 4159 1118 4189 ro·

66 4222 147 4287 glorio
158 4219 210 4276 filii,
219 4221 283 4270 unde
293 4221 368 4270 multo
378 4221 454 4284 megin
464 4223 573 4282 mnspiri-
620 4237 706 4285 μην
720 4221 807 4282 riom]
830 4219 895 4268 Libri
910 4228 1000 4267 veteres
1007 4210 1017 4265 :¹
1030 4223 1046 4245 ‘¹
1058 4216 1118 4265 Ero·
