2806 5018
174 348 253 419 ,160
489 345 529 407 Ρ.
553 341 715 408 OVIDII
740 338 953 405 NASONIS

189 519 313 593 Morte
327 520 459 615 jacent
476 510 1131 611 merita2.testes.est0te.Philippi-;
1155 577 1159 580 .
1183 551 1186 556 ,

238 633 289 706 Et
305 656 464 731 quorum
483 632 624 729 sparsis
641 633 790 707 ossibus
808 630 912 703 albet
929 630 1092 701 humum.

187 749 270 822 Hoc
289 773 396 846 opus,
408 748 490 820 haec
505 747 638 844 pietas,
650 747 732 819 haee
749 746 869 844 prima
883 741 1237 818 elementafueruut

236 862 564 948 Caesaris,‚ulcisci
578 865 681 956 justa
698 885 766 958 per
784 884 892 932 arma
905 871 1073 956 petrem:
1165 861 1234 930 710

183 977 379 1051 Posuuus
399 1002 518 1076 quum
534 990 690 1051 teneras
703 975 854 1049 Aurora
866 973 1039 1048 refecerit
1054 973 1207 1058 herbas,

236 1095 413 1192 Scorpios
432 1118 455 1166 a
471 1093 593 1191 prima
609 1104 716 1190 parte
733 1090 916 1167 videndus
935 1088 1038 1162 erite..

184 1208 348 1282 Tenum
366 1207 572 1306 postldus.
583 1208 649 1280 lux
667 1217 728 1279 est
742 1203 997 1280 celeberrima.
1007 1202 1180 1277 Baccho.

235 1326 401 1411 Bacche,
420 1325 502 1399 fave
520 1324 615 1409 vati,
623 1325 717 1396 dum
735 1335 801 1396 tua
814 1323 912 1396 festa
928 1344 1045 1394 cano:

184 1442 219 1514 N
223 1466 266 1514 ec
277 1441 434 1514 referam
452 1441 640 1524 Semelen,
653 1441 701 1512 ad
716 1464 830 1536 quam
846 1437 918 1511 nisi
931 1437 1093 1509 fulmina
1101 1457 1243 1508 secum,

231 1553 381 1651 Jupiter
399 1553 580 1638 adferrem
611 1552 1040 1651 parvusinermisems:
1162 1551 1229 1622 716

186 1668 281 1754 Nec,
301 1670 457 1765 puerut
470 1691 602 1764 posses
621 1681 766 1741 maturo
783 1679 953 1764 tempore
971 1664 1115 1751 nasci-¹

234 1782 440 1880 Expletum
461 1784 581 1880 patrio
599 1807 754 1881 corpore
773 1783 901 1855 matris
921 1788 1031 1854 onus.

181 2032 252 2081 eunio
272 2031 397 2097 quisquam
418 2029 521 2097 emplius
541 2029 680 2096 supervixit,
730 2032 851 2096 llymnum
862 2031 888 2080 in
898 2028 1023 2085 muham
1037 2029 1114 2079 urbes
1124 2030 1189 2079 Mol.
1199 2027 1228 2075 ir.

180 2122 259 2171 usque
268 2121 311 2154 sua
322 2122 393 2154 manu
402 2106 529 2154 defunctus
539 2115 583 2153 est.
604 2105 680 2153 Dum·
734 2107 759 2152 ll
772 2121 826 2170 sqq.
860 2103 947 2152 Confer
957 2101 1093 2159 Horatium,
1101 2102 1126 2150 ii.
1136 2101 1185 2150 Od.
1196 2102 1229 2148 19.

180 2180 231 2228 nati
241 2194 331 2235 omues,
338 2179 399 2227 alius
407 2179 454 2226 alio
465 2193 521 2226 casu
530 2178 608 2242 periit,
616 2179 680 2226 etc.''
730 2180 769 2227 Ile
782 2178 871 2226 Bucolo
880 2175 990 2226 universe
1004 2174 1113 2240 disputat
1124 2173 1228 2238 Heyuius

181 2252 337 2301 Memorabile
360 2251 469 2322 pralium
491 2251 636 2313 Philippense
656 2251 681 2301 iu
731 2253 760 2299 ul
773 2251 954 2316 Apollodorum,
965 2249 1029 2298 iiio
1044 2247 1100 2298 init.
1133 2246 1174 2297 De
1188 2261 1226 2294 ua·

181 2325 312 2380 Thessalis,
330 2324 355 2371 in
382 2340 430 2388 quo
456 2325 554 2376 Brutus,
576 2325 681 2380 Cassius,
731 2326 818 2374 talibus
829 2324 883 2372 vide
898 2325 1000 2372 Metam.
1013 2322 1047 2371 111.
1057 2324 1115 2371 27³.
1150 2322 1227 2370 Semele

181 2399 264 2447 Csscae
285 2399 369 2445 iratres
390 2413 432 2444 suu
453 2413 523 2444 murm
547 2397 679 2460 perieruut;
731 2415 804 2464 quum
814 2398 881 2449 Jovis
890 2399 1034 2461 fulminibus
1050 2396 1155 2453 arderet,
1164 2395 1228 2460 Jupi-

181 2470 325 2520 Plutarchus
348 2469 411 2518 Ces.
433 2470 473 2518 26.
506 2471 572 2518 Aruer
597 2472 679 2518 lumin
729 2481 763 2521 ter
777 2482 843 2520 utem
857 2471 910 2536 ejus
920 2470 1044 2519 Bacchum
1060 2469 1140 2535 eripit,
1150 2466 1226 2518 femori

179 2542 319 2601 minimum
328 2543 406 2607 plures
417 2542 504 2608 sepulti
515 2551 557 2591 sut
567 2543 679 2607 insepulti
729 2562 772 2594 suo
781 2545 1119 2609 iutuitutmstemstempoea
1125 2542 1227 2610 implut

175 2622 277 2685 jacent,
293 2616 442 2665 AEueid.xii.
458 2617 500 2663 ³6.
518 2622 534 2644 “
545 2618 622 2680 campi
640 2618 677 2666 in·
728 2629 800 2684 atque
817 2619 963 2684 Nyseidibus
977 2618 1130 2667 mumadam
1148 2616 1226 2666 uadit.

180 2701 261 2756 gentes
272 2690 363 2740 ossibus
377 2689 484 2738 albent.''
516 2690 610 2739 Bellum
620 2692 678 2740 Phi·
729 2696 767 2741 Au
783 2711 858 2756 quam,
875 2701 923 2740 eto.
939 2691 970 2740 sd
987 2692 1107 2746 Semelen,
1124 2700 1151 2738 te
1166 2697 1226 2738 utam

179 2767 286 2830 lippouse
307 2771 386 2811 sutem
408 2777 451 2824 pro
471 2765 558 2812 ultione
580 2774 677 2825 paterna
729 2767 851 2823 serentem,
862 2765 907 2815 nisi
919 2765 1013 2830 Jupiter
1029 2764 1133 2813 fulmins
1149 2778 1224 2814 seeum

177 2836 285 2901 suscepit
303 2837 378 2885 Cesar
394 2837 530 2901 Augustus3
552 2838 677 2887 Suetonius
727 2840 860 2897 adtulisset,
871 2849 897 2888 tu
908 2837 1057 2902 essesquid'l
1074 2837 1122 2886 Hic
1135 2851 1225 2903 respon·

178 2911 283 2975 August.
300 2911 340 2959 ts.
375 2912 454 2958 Prima
474 2914 591 2966 elementa.
610 2912 678 2960 initia
727 2914 777 2962 deri
796 2930 842 2962 nou
861 2923 946 2979 potest,
963 2927 1047 2974 pororu
1068 2916 1179 2962 monis:
1203 2910 1225 2960 id

178 2984 271 3049 imperii
282 2993 306 3033 et
315 3000 392 3032 rerum
404 2984 568 3048 gerendarum.
727 2988 788 3036 enim
801 3004 844 3035 uec
859 2988 959 3037 latinum
969 2995 1014 3042 est,
1026 3001 1071 3035 see
1081 3002 1179 3036 sensum
1190 2986 1226 3035 lm

212 3060 268 3107 711.
278 3060 553 3120 Scorpiimediirocousus
561 3059 677 3106 cosmicus
727 3062 767 3110 bet
781 3062 881 3126 justum.
916 3061 967 3109 Noc
981 3060 1083 3110 multum
1101 3061 1224 3126 proficitur,

179 3133 238 3182 xvii.
258 3133 315 3182 Ksl.
332 3131 431 3197 Aprilis.
464 3131 509 3180 Sed
531 3131 675 3186 Columella,
726 3135 1224 3200 siexHoinsiiconjeotumpurtusinernis

177 3209 211 3257 rii.
227 3211 256 3256 2:
281 3214 298 3236 ⁴⁸
310 3207 394 3255 Idibus
411 3206 491 3254 Martii
509 3207 579 3270 Nepa
593 3206 676 3269 incipit
726 3225 776 3256 eros
795 3208 870 3271 legas.
903 3208 1008 3266 Quidam
1030 3224 1060 3257 ex
1082 3209 1224 3264 melioribus,

177 3281 314 3331 occidere.”
349 3281 411 3329 Pliu.
426 3280 491 3328 xviii.
503 3282 548 3328 65:
567 3288 581 3307 “
594 3280 675 3328 Caesar
723 3291 785 3336 erut,
798 3290 825 3331 ut
836 3282 866 3329 ad
877 3282 963 3330 ,lovem
975 3281 1105 3341 reseratum
1121 3282 1222 3330 sedunt

175 3366 202 3405 et
212 3357 270 3406 Idus
282 3354 383 3403 Martias
396 3354 481 3401 ferales
496 3353 541 3401 sibi
552 3353 675 3401 aduolauit
725 3356 796 3405 lectio
805 3355 856 3419 pari
867 3354 1008 3403 difficultate
1019 3355 1122 3404 laboret.
1152 3357 1224 3406 lactis

177 3430 310 3494 Scorpionis
319 3428 430 3477 occasu.”
724 3430 795 3493 igitur
810 3438 933 3493 corruptus
947 3438 991 3476 est.
1025 3428 1166 3479 Difficultas
1180 3442 1222 3477 uon

210 3506 349 3554 its-⁷90.
367 3503 481 3549 Liberalia
494 3510 547 3549 tert.
554 3510 606 3564 post
616 3502 674 3550 Idus
723 3505 827 3558 tolletur,
839 3503 947 3567 quamvis
956 3502 1123 3567 interpungss,
1134 3520 1223 3566 mour,

173 3581 226 3628 sive
253 3578 303 3625 xvi.
331 3575 387 3623 Kal.
415 3575 511 3639 Aprilis.
545 3576 674 3624 Praemissis
723 3582 816 3626 inermis
826 3592 884 3626 oros.
917 3577 985 3625 Lsu.
1021 3576 1224 3634 Matr-isonam,

178 3651 268 3701 Bacchi
295 3649 415 3704 laudibus,
443 3665 504 3697 vers·
535 3651 673 3698 ⁷1⁵—7'2l·
725 3668 795 3716 quem
810 3661 885 3700 mator
900 3651 991 3715 aliquot
1002 3666 1098 3701 menses
1113 3663 1181 3701 utem
1191 3662 1225 3700 tu·

177 3735 248 3792 poeta
264 3739 348 3771 causas
363 3722 488 3786 expromit,
499 3739 541 3771 cur
557 3724 586 3772 iis
601 3725 674 3780 festis,
725 3728 793 3782 lerat,
811 3730 887 3788 patrio
904 3729 999 3787 corpori,
1016 3727 1110 3782 femori,
1127 3727 1226 3781 imuttu,

174 3809 202 3849 et
216 3799 265 3847 liba
279 3797 366 3861 populo
381 3797 508 3845 offerantur
524 3800 554 3845 ab
569 3813 615 3846 anu
631 3798 672 3846 he·
724 3803 832 3862 expletur,
839 3800 870 3848 ad
880 3800 1040 3848 maturitatem
1051 3800 1186 3864 perductus
1195 3814 1227 3857 u,

176 3870 235 3921 dem
249 3872 327 3920 cincta
342 3872 481 3919 725-770.
493 3881 518 3920 et
532 3883 587 3936 toga
600 3872 675 3920 libera
725 3885 751 3922 ut
765 3876 830 3939 justo
845 3883 949 3938 temporo
967 3875 1031 3921 ursei
1046 3888 1141 3937 posses.
1176 3874 1227 3922 Μι-

176 3946 257 4013 pueris
268 3946 337 3993 detur
348 3947 486 3995 771-790.
725 3960 791 3996 rums
802 3958 827 3996 ot
837 3949 866 3996 de
878 3957 958 3996 ventre
973 3962 1035 3995 onus
1045 3949 1147 4006 ferente,
1158 3957 1184 3998 et
1199 3948 1227 3997 tle

211 4022 266 4070 715.
284 4021 337 4067 Non
349 4020 462 4085 hymnum
474 4036 559 4069 canam
574 4021 598 4067 in
610 4020 672 4068 Bac·
725 4032 799 4070 matre
810 4022 887 4087 partui
899 4021 985 4076 vicina,
996 4033 1020 4069 et
1032 4021 1062 4068 de
1075 4031 1184 4088 tempore
1200 4021 1229 4071 ttl

176 4095 257 4144 chum.
291 4095 393 4160 Hymnis
411 4094 473 4143 euim
491 4095 591 4149 natales,
602 4094 674 4142 virtu·
725 4097 865 4161 pariendum
876 4097 962 4144 idoneo
973 4095 1070 4144 dieitur.

175 4181 220 4228 tes,
231 4187 268 4221 res
283 4181 356 4235 gestos
368 4173 471 4219 Deorum
487 4169 675 4217 celebrabuntur.
