2806 5018
288 382 327 448 P.
353 383 506 450 OVIDII
531 386 741 452 NASONIS
764 387 874 453 IBIS.
1053 394 1119 457 475

64 550 250 651 Quisquis
261 554 293 627 is
304 566 470 642 est‚nam
481 581 619 634 nomen
628 560 753 634 adhuc
763 571 955 750 upplunque
964 566 1112 652 tacebo,

117 668 232 764 Cogit
248 670 464 746 inadsuetas
483 697 631 749 sumere
648 677 726 749 tela
741 700 779 749 m
830 703 887 752 ue.
1068 686 1114 754 10

40 803 45 810 ·
64 779 137 856 ille
156 784 363 883 relegatum
380 788 526 884 gelidos
543 790 743 888 Aquilonis
762 793 932 868 adortus

117 898 204 971 Non
222 899 311 975 sinit
328 904 463 977 exsilio
481 905 675 981 delituisse
695 932 784 998 suo;

62 1010 307 1113 Vulneraque
325 1019 477 1092 immitis
495 1021 664 1117 requiem
682 1023 890 1120 quaerentia
907 1037 1033 1114 vexat,

114 1127 139 1199 J
141 1140 243 1205 aetat
259 1143 298 1206 et
315 1133 353 1206 in
372 1145 450 1208 toto
468 1136 620 1211 uomina
637 1150 765 1212 nostra
782 1139 883 1227 for0;

61 1241 333 1343 Perpetuoque
350 1248 441 1322 mihi
460 1251 640 1325 sociatam
657 1251 795 1327 foedere
813 1253 901 1328 lecti
1066 1260 1110 1328 15

114 1358 152 1431 N
154 1385 203 1433 on
220 1363 360 1459 patitur
377 1365 502 1438 miseri
521 1365 652 1441 funera
669 1369 759 1442 flere
778 1369 866 1442 viri:

62 1472 269 1573 Quumque
299 1502 368 1574 ego
396 1503 535 1576 quassa
563 1506 657 1556 meae
689 1485 918 1581 complectar
944 1485 1113 1558 membra

115 1590 307 1691 Naufragii
326 1596 474 1669 tabulas
492 1609 636 1695 pugnat
653 1600 792 1672 habere
810 1600 904 1689 mei;
945 1600 1110 1695 [carinae,

61 1705 116 1780 Et
132 1709 198 1805 qui
214 1707 399 1785 debuerat
415 1713 558 1786 subitas
577 1715 817 1811 exstinguere
834 1715 1016 1803 flammas,

114 1823 155 1896 Is
172 1823 340 1921 praedam
354 1826 479 1900 medio
496 1839 622 1926 raptor
639 1830 686 1902 ab
705 1829 792 1926 igne
809 1829 909 1902 tulit.
1062 1834 1112 1902 20

60 1935 206 2011 Nititur
223 1950 266 2012 ut
283 1940 448 2038 profugae
466 1942 593 2017 desint
609 1941 788 2017 alimenta
804 1956 989 2034 senectae;

112 2050 220 2126 Heu!
248 2066 390 2153 quanto
407 2058 543 2131 nostris
561 2058 706 2156 dignior
724 2059 806 2157 ipse
824 2059 952 2133 malis!

93 2238 118 2287 9.
137 2237 225 2286 Nomen
239 2240 314 2288 adhue
330 2249 447 2303 uteunque
460 2241 556 2304 trecen]
609 2240 678 2304 uiri]
700 2240 791 2305 Argute
801 2240 914 2290 Politiaui
929 2240 990 2292 iiber
1005 2249 1030 2291 et
1046 2257 1109 2291 unus

20 2317 25 2324 '
58 2309 189 2360 Neminem
205 2311 359 2377 interpretum
373 2313 509 2363 observasse
523 2314 558 2362 vi·
609 2315 722 2364 vatican.
743 2317 788 2362 vivi
808 2317 870 2362 oiri:
894 2315 989 2364 exsules
1008 2314 1109 2363 civiliter

58 2383 115 2441 deo,
132 2399 175 2433 cur
189 2384 290 2434 Ovidius
307 2385 383 2434 ibidis
400 2402 486 2434 nornen
503 2387 558 2436 sub·
608 2387 703 2438 mortui.
735 2389 827 2437 Seneca
853 2389 973 2453 relegatus
999 2388 1025 2437 in
1050 2387 1109 2451 Epi-

57 2455 164 2507 tieuerit.
195 2458 244 2514 An,
261 2474 291 2506 ue
309 2459 455 2509 carminibus
473 2459 558 2508 Ovidi·
608 2470 738 2527 geminate
754 2460 786 2509 ad
797 2460 933 2511 Corsicam:
951 2468 968 2490 ‘¹
982 2461 1058 2509 Parce
1073 2475 1109 2509 re·

59 2529 114 2579 anis
143 2530 194 2580 Ibis
221 2531 402 2592 inclaresceret5
432 2532 457 2580 in
486 2548 558 2597 quam
607 2536 701 2598 legatis,
716 2534 762 2583 boc
780 2535 889 2599 estjam
907 2550 979 2601 parce
999 2533 1108 2599 sepultis.

58 2606 202 2654 seutentiam
223 2605 334 2661 eundem,
351 2605 376 2654 ui
396 2605 473 2664 fallor,
492 2607 558 2656 adlo-
609 2610 723 2658 Vivorum
741 2607 814 2657 cineri
829 2607 861 2657 sit
877 2617 919 2657 tua
936 2616 997 2659 terra
1013 2607 1106 2667 levis;’'

59 2679 150 2745 quitur,
162 2678 205 2728 lib.
218 2679 264 2728 IV.
275 2693 305 2728 ex
321 2678 409 2735 Ponto,
424 2680 462 2727 Ei.
475 2679 508 2727 iu.
522 2696 557 2729 vs.
608 2680 723 2738 Rutilius,
730 2680 854 2730 itinerario
864 2680 894 2730 de
905 2682 982 2731 amieo
992 2681 1047 2730 vite
1058 2695 1108 2728 mo·

61 2753 123 2818 leq.
156 2752 205 2801 Vra
219 2759 300 2800 tamen
316 2760 360 2807 est,
376 2761 404 2800 ut
419 2751 471 2801 haec
489 2752 560 2801 fuerit
608 2756 705 2804 nauticae
721 2754 831 2803 addicto:
850 2754 988 2804 “Perditus
1004 2753 1108 2803 hicvivo

58 2841 128 2876 meus
143 2836 228 2890 poeta,
244 2824 364 2889 quoniam,
378 2832 494 2890 postremo
511 2825 558 2875 dis·
608 2828 690 2877 iuuere
707 2828 769 2876 civis
788 2827 866 2876 erat.''
903 2828 973 2876 Exsul
993 2829 1033 2875 nti
1053 2844 1108 2876 uue-

59 2898 126 2948 ticlro
142 2899 214 2963 hujus
229 2897 313 2953 libelli,
328 2913 409 2946 verum
424 2896 500 2946 Ibidis
516 2913 558 2947 no-
607 2918 675 2964 panm
692 2903 752 2949 domi
767 2911 807 2956 est,
818 2903 866 2948 eine
882 2901 984 2961 reperim
999 2909 1032 2948 est
1047 2917 1107 2947 moe·

57 2987 116 3022 men
131 2971 265 3038 pollicetur.
296 2971 558 3023 AnNasorererentia
608 2983 669 3031 tuas,
683 2973 748 3039 apud
767 2975 797 3022 P.
811 2973 903 3036 Syrum.
937 2974 1027 3020 Seneca
1042 2971 1107 3020 Tbe-

57 3046 121 3113 legis
136 3045 263 3095 duodecim
276 3045 421 3094 Tabularum
437 3044 482 3092 sibi
497 3058 556 3094 tem·
605 3047 671 3096 baid.
681 3048 776 3095 “sunus
786 3045 895 3094 extendis
905 3060 992 3100 meum,
1002 3045 1107 3108 [ougas-

56 3118 221 3187 peravitque
231 3117 341 3167 nimirum
352 3118 454 3166 famosos
464 3118 557 3167 libellos
606 3135 653 3186 que
663 3119 711 3169 vivi
721 3119 790 3168 ducis
801 3118 928 3182 exsequias
942 3117 1039 3183 patris.”
1072 3117 1106 3167 Η.

55 3194 174 3260 projicere
189 3191 292 3257 capitale
308 3191 361 3240 suit.
398 3191 458 3257 Ejus
474 3191 556 3240 merui·
608 3194 710 3243 Funere.
737 3192 793 3241 Vivi
803 3191 847 3240 uiri
857 3191 1026 3249 calamitatem,
1034 3198 1058 3238 et
1067 3205 1105 3239 me

55 3270 94 3320 nit
104 3268 208 3325 Tullius,
218 3268 261 3317 lib.
272 3267 305 3316 iv.
314 3265 444 3315 Tusculum
455 3265 480 3314 in
493 3266 557 3315 huuc
607 3268 687 3316 vivum
694 3282 723 3316 ac
730 3267 836 3316 exsulem
844 3265 942 3331 perinde
951 3280 979 3314 ac
988 3271 1105 3313 mortuum

56 3342 177 3392 modum:
208 3343 383 3405 “Quanquam
409 3339 434 3388 id
461 3338 558 3404 quidem
608 3343 690 3391 iuuere
701 3340 820 3406 prosequi.

54 3416 132 3466 etiam
158 3415 283 3465 duodecim
303 3415 402 3464 Tabulae
427 3414 557 3470 declarant,
642 3417 683 3465 19.
705 3416 796 3463 Subita
816 3417 958 3477 exstinguere
971 3411 1104 3475 flammas]

55 3488 130 3540 condi
140 3489 192 3555 jam
206 3498 256 3538 tum
271 3489 366 3538 solitum
380 3503 484 3544 carmen,
495 3487 558 3552 quod
608 3488 672 3538 Mihi
688 3487 807 3554 opitulari,
819 3486 880 3536 sicut
895 3485 972 3534 solent
987 3484 1106 3534 incendiis

55 3578 88 3613 ne
107 3560 191 3612 liceret
208 3561 258 3611 fieri
274 3562 305 3611 ad
324 3561 421 3611 alteriue
438 3560 557 3625 iujuriam,
606 3562 714 3612 homines
724 3559 884 3626 extinguendo
897 3559 976 3624 ignem
989 3557 1105 3608 auxilium

53 3637 112 3703 lege
122 3637 278 3685 smrerunt.”
606 3645 727 3702 prestare.
752 3635 779 3683 Ζ.

91 3710 132 3760 10.
158 3709 234 3772 Teia]
258 3707 555 3775 imprecationem—duod·
638 3711 678 3757 21.
707 3707 841 3770 Alimenta]
874 3707 989 3754 Aternia
1008 3706 1106 3772 exponit

52 3794 134 3835 assetur
146 3799 238 3832 mour.
271 3783 335 3841 Quia
345 3783 461 3832 neminem
472 3792 556 3847 prater
606 3781 752 3832 Glossarium
764 3789 833 3829 vetus
845 3777 982 3845 θρεπτήρια
993 3780 1036 3828 rai
1047 3798 1104 3845 rpo-

52 3857 153 3909 Ibidem
164 3856 268 3906 carmine
279 3855 385 3906 offendit.
606 3866 669 3920 prro,
692 3856 736 3904 boc
758 3863 804 3910 est,
823 3853 922 3920 prumia
943 3853 1102 3910 educationis,

90 3933 134 3979 15.
150 3930 271 3986 Sociorum,
286 3930 345 3992 etc]
368 3930 471 3978 Uxorem
488 3928 555 3987 dicit,
605 3931 655 3978 sive
684 3928 748 3994 quod
776 3928 913 3993 parentibus
939 3926 1103 3976 nutricationis

50 4019 129 4072 quem
147 4004 179 4052 ad
193 4011 324 4053 esbernum
340 4018 415 4067 usque
430 4001 495 4050 diem
511 4001 554 4050 ad·
604 4018 676 4053 causa
701 4019 717 4052 a
737 4002 791 4051 filiis
816 4000 958 4067 rependitur.
992 4000 1102 4065 Legimus

47 4078 173 4148 probavit.
308 4110 314 4133 .
604 4077 690 4127 liberos
700 4075 838 4142 parentibus
851 4081 921 4123 aetate
933 4072 1046 4121 coniectis
1057 4071 1100 4120 aii-

87 4153 141 4215 16.ο
149 4152 203 4200 Nou
215 4155 306 4214 patitur
315 4155 391 4201 miseri
396 4150 555 4216 funeroflm
604 4160 692 4207 menta,
700 4148 749 4199 sive
759 4146 896 4213 θρεπτήρια
907 4144 1056 4210 suppeditare
1066 4143 1101 4191 le-
