2806 5018
183 359 247 425 tat

482 353 519 417 Ρ.
544 352 707 418 OVIDII
732 350 944 417 NASONIS

183 531 308 604 Litore
326 527 499 601 siccabat
516 537 686 598 rorantes
704 524 807 598 nuda
823 524 1002 622 capillos:

231 646 418 719 Viderunt
437 643 576 740 Satyri,
596 643 708 715 turba
725 650 910 739 proterva,
933 639 1072 711 Deam.

182 762 322 845 Sensit,
342 771 382 832 et
399 758 575 855 opposita
591 756 689 829 texit
707 780 777 827 sua
793 777 952 852 corpora
970 764 1113 850 myrto.

231 875 332 948 Tuta
345 874 416 947 suit
433 874 552 959 fact03
583 895 726 966 vosque
744 869 880 942 referre
894 869 1020 964 jubet.

188 989 333 1064 Discite
353 1012 466 1072 nunc,
486 1010 603 1083 quare
623 985 797 1057 Fortunae
815 995 900 1055 tura
916 982 1026 1054 Virili

1169 986 1227 1054 145

234 1105 343 1177 Detis
362 1128 420 1188 eo,
440 1101 563 1175 calida
580 1101 646 1196 qui
666 1101 772 1172 locus
791 1101 921 1171 humet
939 1122 1054 1195 aqua.
1116 1130 1123 1143 ·

180 1219 334 1316 Accipit
351 1219 413 1290 ille
432 1217 539 1290 locus
558 1219 680 1313 posito
698 1216 882 1289 velamine
902 1227 1086 1302 cunctas;

233 1335 283 1407 Et
302 1335 433 1407 vitium
450 1333 541 1405 nudi
560 1333 727 1430 corporis
745 1355 857 1403 omne
874 1331 989 1403 videt.

183 1450 358 1544 Uttegat
375 1451 460 1533 hoc,
479 1449 654 1543 celetque
672 1448 783 1532 viros,
804 1447 971 1520 Fortuna
988 1445 1123 1517 Virilis

179 1588 184 1600 ’
231 1565 411 1649 Proestat;
442 1575 481 1636 et
499 1562 569 1634 hoc
589 1586 701 1658 parvo
720 1572 801 1634 ture
821 1573 950 1655 rogata
967 1560 1074 1633 lacit.
1166 1563 1225 1630 150

182 1677 264 1752 Nec
284 1678 412 1773 pigeat
431 1678 538 1748 niveo
558 1677 687 1749 tritum
705 1701 793 1749 cum
810 1676 909 1749 lacte
928 1699 1099 1774 papaver

231 1794 400 1878 Sumere,
420 1803 460 1865 et
478 1794 667 1890 expressis
686 1792 798 1865 mella
816 1793 962 1889 liquata
978 1790 1088 1863 favis.

181 1908 308 1993 Quum
327 1910 488 2006 primum
507 1908 645 2005 cupido
665 1908 793 1981 Venus
814 1920 873 1981 est
890 1906 1058 1980 deducta
1075 1905 1224 1988 marito;

233 2025 316 2099 Hoc
335 2026 452 2099 bibit:
482 2050 530 2098 ex
550 2026 612 2096 illo
630 2036 800 2121 ternpore
819 2041 938 2122 nupta
954 2022 1039 2096 fuit.

182 2140 427 2240 Supplicibus
446 2140 568 2213 verbis
582 2140 689 2211 illam
705 2140 873 2236 placate:
904 2138 975 2210 sub
993 2137 1058 2210 illa
1165 2137 1226 2206 155

230 2255 280 2328 Et
297 2255 426 2338 forma,
446 2266 485 2327 et
502 2279 637 2341 mores,
657 2266 696 2327 et
716 2256 814 2327 bona
831 2253 932 2327 fama
949 2264 1092 2325 manet.

179 2369 302 2440 Roma
319 2368 502 2464 pudicitia
519 2393 739 2464 proavorum
758 2381 929 2467 tempore
947 2369 1055 2465 lapsa
1073 2376 1154 2440 est:

229 2482 437 2566 Oumaeam
456 2496 615 2570 veteres,
635 2486 876 2558 consuluistis
895 2507 1022 2556 anum.

213 2655 268 2702 145.
287 2654 395 2701 Fanum
412 2654 455 2701 sub
471 2653 542 2701 variis
558 2655 677 2718 cognomi·

178 2726 248 2775 nibus
258 2727 351 2776 Servius
364 2743 403 2774 rex
415 2727 483 2790 plura
494 2729 582 2791 templa
592 2729 677 2792 posuit,

180 2800 248 2846 Virili
263 2816 334 2847 unum
350 2799 374 2847 in
391 2799 443 2863 ripa
455 2799 561 2847 Tiberis:
581 2800 675 2848 Plutar-

178 2871 245 2928 chus,
261 2875 352 2930 Quaest.
367 2873 439 2920 Rom.
453 2880 511 2920 tom.
526 2873 566 2922 vii.
582 2891 605 2938 p.
619 2876 677 2932 135;

178 2946 309 3010 Dionysius
329 2946 454 2995 Halicarn.
478 2946 510 2995 iv.
531 2949 571 2996 27.
608 2948 678 2996 Anco

177 3019 267 3068 Martio
288 3021 486 3068 consecrationem
509 3019 573 3068 illius
594 3021 678 3085 templi

139 3113 141 3117 ¹
177 3092 318 3142 Plutarchus
328 3094 358 3142 de
365 3093 470 3141 Fortuna
479 3093 580 3141 Roman.
590 3111 613 3159 p.
621 3096 677 3143 265.

176 3167 267 3215 tribuit.
285 3169 375 3228 Accipit
387 3166 471 3216 melius
482 3177 526 3223 est,
536 3184 608 3231 quam
620 3167 677 3215 alio-

176 3255 227 3289 rum
243 3243 347 3302 adspicit.
381 3239 489 3302 Acciperb
504 3256 546 3288 nos
562 3240 628 3289 locus
641 3241 676 3288 di-

176 3313 236 3360 citur
247 3330 318 3377 quem
330 3313 432 3362 adimus.
450 3314 496 3361 Pro
506 3331 583 3375 porro,
594 3314 676 3362 lleirrs.

176 3385 259 3434 suadet
268 3405 354 3448 ραι-σος
372 3387 426 3435 vide
437 3387 462 3434 ii.
474 3389 530 3434 538.

212 3459 267 3506 157.
285 3459 323 3506 De
338 3460 422 3506 Venere
435 3459 577 3507 Verticordia
588 3458 672 3507 obiter.

175 3531 247 3579 Anno
265 3532 296 3579 U.
312 3533 342 3580 C.
360 3534 416 3580 639.
433 3533 470 3578 M.
488 3532 566 3582 Acilio
588 3533 673 3589 Balbo,

175 3606 212 3651 M.
229 3605 311 3652 Porcio
328 3606 419 3653 Catone
435 3621 496 3653 coss.
514 3607 584 3654 Elvia
600 3605 672 3671 virgo,

175 3675 247 3745 Eloii,
260 3676 346 3739 equitis
363 3677 466 3725 Romani
484 3678 541 3733 filia,
554 3696 615 3743 equo
632 3696 672 3727 ve-

175 3750 233 3797 llens
251 3748 349 3796 fulmine
365 3750 413 3798 icta
430 3760 474 3805 est,
494 3760 521 3798 ut
538 3769 584 3800 non
603 3752 673 3800 modo

175 3824 228 3887 ipsa
238 3838 292 3869 cum
304 3839 365 3886 equo
376 3823 512 3887 exspiraret,
524 3825 565 3873 sed
580 3837 604 3873 et
615 3826 671 3873 utri·

175 3912 250 3960 usque
268 3911 353 3959 corpus
368 3896 466 3951 nudum,
480 3898 589 3944 omnibus
606 3908 672 3961 tegu-

174 3970 261 4020 mentis
270 3978 296 4016 et
304 3970 447 4017 ornamentis
457 3971 571 4035 disjectis,
584 3973 671 4035 reperi·

174 4054 245 4094 retur.
279 4043 353 4091 Vates
374 4044 474 4092 consulti
494 4043 672 4109 responderunt,

173 4118 670 4184 eoinlamiamvirginumVestaliumequi-

172 4206 270 4265 tumque
281 4192 438 4242 Romanorum
451 4193 572 4259 portendi;
584 4202 608 4241 et
617 4210 670 4242 mox

728 2670 809 2703 servus
816 2654 913 2719 quidam
921 2651 1049 2708 indicavit,
1061 2650 1170 2700 Vestales
1179 2659 1229 2704 tres,

729 2728 861 2781 AEmiliam,
876 2725 990 2775 Liciniam
1007 2734 1033 2773 et
1050 2723 1175 2778 Martiam,
1188 2722 1226 2770 diu

724 2801 775 2865 jam
803 2798 996 2848 consuetudinem
1025 2813 1080 2845 cum
1110 2796 1227 2862 equitibus

728 2873 871 2937 quibusdam
883 2873 997 2921 incestam
1007 2870 1129 2919 habuisse.
1150 2872 1227 2918 Patres

728 2947 783 2994 inde
795 2963 840 2994 non
851 2945 969 3010 supplicia
980 2945 1051 2992 modo
1061 2945 1093 2992 ab
1105 2944 1154 2991 illis
1167 2958 1227 2991 sum·

728 3031 816 3073 serunt,
827 3020 868 3068 sed
880 3029 904 3066 et
914 3019 984 3066 libros
995 3017 1128 3081 Sibyllinos
1140 3015 1227 3065 consuli

725 3093 853 3156 jusserunt.
887 3093 973 3140 livero
986 3091 1126 3146 mouebant,
1138 3099 1165 3137 nt
1175 3089 1228 3136 mali

729 3164 851 3213 avertendi
874 3181 957 3219 causa,
977 3163 1080 3229 primum
1102 3161 1228 3228 peregrinis

728 3240 870 3302 quibusdam
889 3239 942 3286 Diis
956 3238 1004 3285 duo
1021 3236 1103 3285 Graeci
1122 3236 1227 3284 totidem-

727 3328 774 3374 que
793 3312 859 3360 Gallr
878 3312 925 3359 vivi
947 3311 1124 3364 defoderentur,
1143 3309 1227 3357 deinde

731 3385 810 3432 Veneri
826 3385 970 3432 Verticordiae
982 3384 1137 3432 simulacrum
1148 3398 1227 3431 musc-

724 3467 838 3509 craretur.
845 3475 893 3522 quo
900 3457 994 3506 facilius
1003 3457 1131 3504 mulierum
1139 3464 1227 3505 mentm

724 3547 739 3578 5
750 3531 847 3580 libidine
859 3531 889 3579 ad
903 3530 1045 3596 pudicitiam
1061 3540 1226 3578 converteren-

723 3617 769 3652 tur.
802 3605 958 3653 Simulacrum
972 3603 1094 3653 dedicnvit
1110 3603 1226 3668 Sulpicia,

725 3678 801 3726 Fulvii
812 3679 892 3727 Flacci
904 3694 972 3733 uxor,
983 3694 1037 3741 quae
1050 3677 1162 3725 omnibus
1174 3677 1226 3726 aliis

723 3753 855 3801 sanctitatis
881 3752 952 3801 laude
977 3751 1138 3800 antecellebat
1145 3767 1154 3810 3
1179 3750 1226 3798 rid.

724 3826 846 3874 Plutarch.
866 3829 958 3884 Quaest.
980 3826 1085 3874 Romam
1106 3834 1166 3873 tom.
1187 3825 1227 3872 vii.

723 3916 777 3964 pag.
791 3902 852 3960 144;
864 3900 964 3957 Plinius,
976 3901 1040 3947 llist.
1051 3900 1110 3947 Nat.
1121 3899 1172 3946 viii.
1180 3900 1225 3957 35;

725 3974 836 4022 Valerius
857 3973 986 4029 Maximus,
1004 3973 1055 4021 viii.
1078 3975 1125 4032 15;
1147 3972 1228 4022 Julius

723 4049 865 4112 Obseqnem
876 4049 985 4113 cap.97;
1005 4048 1114 4104 Orosius,
1127 4047 1159 4095 vi.
1172 4049 1211 4095 12

757 4122 925 4184 Romo-lopus
939 4133 979 4178 est,
992 4121 1095 4169 Romani
1116 4130 1159 4170 sut
1177 4121 1227 4169 Ro·

723 4212 798 4244 manae
813 4213 828 4244 5
840 4196 956 4261 pudicitia
969 4197 1044 4262 lapsae
1058 4206 1132 4257 sunt;
1149 4211 1228 4244 moses
