2806 5018
304 337 370 400 100
589 334 628 398 P.
652 334 814 417 OVIDII
838 333 1049 399 NASONIS

310 508 351 580 Si
368 518 409 580 tu
428 507 618 603 signasses
635 507 724 580 olim
741 505 980 605 Thyreatida,
988 517 1138 593 terram,

359 622 528 720 Corpora
544 647 619 695 non
637 624 713 696 leto
731 623 846 696 missa
863 633 1030 710 trecenta
1048 621 1192 706 forent;

310 736 392 811 Nec
406 737 501 811 foret
512 737 728 835 Othryades
740 737 928 833 congestis
942 738 1063 810 lectus
1078 736 1116 807 in
1133 735 1260 808 armis.
1279 740 1353 809 665

361 850 394 922 O
415 862 597 947 quantum
617 853 745 948 patriae
764 852 956 946 sanguinis
974 851 1037 924 ille
1054 850 1180 922 dedit!

308 963 421 1051 Quid,
434 991 530 1040 nova
540 991 657 1063 quum
668 966 1019 1064 fierentCapitolia?
1035 990 1170 1063 nempe
1184 964 1353 1039 Deorum

360 1081 509 1155 Cuncta
523 1081 607 1155 Jovi
625 1083 741 1155 cessit
757 1084 879 1167 turba,
899 1082 1101 1177 locumque
1119 1080 1238 1153 dedit.

308 1193 518 1283 Terminus,
531 1207 574 1269 ut
584 1209 729 1270 veteres
747 1208 967 1282 memorant,
987 1205 1195 1269 conventus
1215 1194 1253 1267 in
1273 1196 1353 1269 aede

359 1309 537 1399 Restittt;
558 1322 597 1384 et
613 1335 750 1406 magno
768 1335 855 1384 cum
873 1310 967 1383 Jove
986 1311 1127 1408 templa
1143 1320 1264 1383 tenet.
1280 1314 1352 1382 670

309 1422 421 1498 Nunc
435 1451 599 1522 quoque,
617 1451 657 1499 se
676 1451 788 1524 supra
806 1427 960 1522 nequid
979 1425 1050 1498 nisi
1069 1425 1193 1498 sidera
1210 1436 1352 1512 cernat,

360 1538 552 1634 Exiguum
570 1541 702 1638 templi
721 1550 822 1614 tecta
839 1540 1004 1613 foramen
1022 1539 1175 1612 habent.

308 1654 495 1740 Termine,
515 1665 601 1752 post
618 1654 709 1727 illdd
729 1656 859 1729 levitas
878 1655 946 1727 tibi
965 1653 1082 1726 libera
1099 1677 1174 1725 non
1192 1664 1276 1728 est:

358 1767 445 1851 Qua
462 1769 607 1865 positus
625 1767 738 1842 fueris
757 1770 795 1841 in
814 1769 987 1854 statione,
1006 1791 1129 1840 mane.

339 2017 396 2067 66³.
412 2017 490 2066 Docte
512 2033 561 2066 rem
580 2019 688 2083 exemplo
706 2016 804 2082 antiquo
856 2017 911 2065 1³6.
927 2023 944 2045 ⁴‘
956 2015 1154 2064 Ceutrrshumurn
1165 2015 1237 2080 longo
1250 2016 1353 2080 signem

307 2091 418 2139 illustret.
453 2091 602 2154 Thyreaticus
615 2107 671 2155 eger
686 2090 746 2140 inter
757 2093 803 2139 Ar·
853 2089 928 2140 limite
939 2090 1055 2138 mensor.”

305 2165 386 2229 girum
403 2172 427 2213 et
444 2164 585 2214 Laconicum
602 2164 632 2212 ad
650 2179 714 2212 mare
732 2164 803 2228 perti·
886 2165 944 2212 667.
956 2161 1133 2227 L.Tarquinius
1143 2160 1252 2218 Priscus,
1263 2171 1290 2210 ut
1300 2170 1353 2210 vote

306 2251 374 2284 nens.
400 2235 533 2299 Thucydid.
546 2238 571 2285 ii.
587 2236 627 2285 27.
660 2235 736 2284 Vicus
752 2235 805 2283 eliis
854 2237 962 2294 solveret,
970 2252 1023 2301 quse
1035 2237 1059 2283 in
1071 2243 1188 2301 postremo
1196 2251 1252 2284 curn
1261 2236 1354 2285 Sabinis

309 2309 407 2371 Tityron,
419 2308 472 2356 aliis
491 2310 585 2372 Thyrea
602 2307 718 2356 scribitur.
742 2307 804 2356 Vide
854 2310 935 2375 prelio
950 2317 1136 2374 nuncupaverat,
1156 2310 1273 2374 ternplum
1291 2307 1353 2364 Jovi,

306 2381 367 2430 lntt.
385 2381 418 2429 sd
435 2380 571 2444 Thucydid.
590 2382 623 2427 iv.
641 2380 681 2428 66.
714 2380 803 2427 Incolis
854 2382 944 2433 Junoni
961 2391 986 2430 et
1001 2381 1118 2430 Minervae
1136 2389 1258 2430 exstruere
1273 2382 1353 2437 soluit,

309 2454 435 2518 llyrentae,
446 2462 555 2502 mouente
566 2453 687 2519 Stephano
704 2452 734 2500 de
745 2454 804 2502 Urb.
853 2456 925 2521 idque
942 2457 967 2504 in
982 2464 1061 2503 moute
1073 2454 1183 2518 Tsrpeio,
1194 2453 1279 2502 multis
1289 2454 1350 2503 Deo·

306 2544 379 2592 aquo
392 2536 416 2575 et
432 2527 512 2576 femin.
525 2528 645 2590 Thyreatis
655 2539 803 2576 memoratur.
853 2546 904 2578 rum
926 2529 972 2577 aris
990 2536 1014 2576 et
1034 2526 1128 2576 sacellis
1147 2536 1277 2591 occupato.
1319 2527 1350 2575 Ut

306 2601 458 2663 Thucydides
476 2600 546 2649 modo
562 2601 701 2664 Thyreatida
718 2610 803 2648 terram
852 2603 928 2650 libera
944 2618 959 2650 s
975 2600 1067 2650 ceteris
1081 2598 1236 2663 religionibus
1251 2615 1350 2649 areses·

306 2682 384 2728 vocnt,
397 2672 466 2721 modo
483 2672 621 2736 Cynurhrm,
636 2673 693 2736 quis
710 2672 803 2736 Thyrea
852 2685 897 2731 set,
916 2673 1082 2738 exaugurande
1109 2673 1164 2720 fana
1191 2683 1269 2722 mant.
1307 2672 1349 2722 Sed

305 2764 360 2813 pars
371 2748 489 2812 Cynurie.
516 2747 673 2796 contentione
688 2747 718 2795 de
733 2747 803 2811 hujus
853 2765 926 2814 quum
943 2747 1046 2795 omniunt
1058 2746 1257 2809 exaugurationes
1267 2747 1348 2795 ndnrit·

305 2820 356 2883 agri
373 2820 458 2867 finibus
475 2818 604 2883 aliquando
624 2820 684 2868 inter
702 2819 802 2884 Argivos
850 2829 927 2870 terent
944 2835 1008 2875 aves,
1019 2819 1043 2866 in
1060 2818 1162 2867 Termini
1179 2828 1204 2866 et
1215 2819 1349 2868 Juventutis

304 2904 329 2944 et
339 2892 531 2942 Iaeedemonios
541 2903 600 2949 orta,
611 2910 639 2941 ex
652 2903 750 2958 utroque
762 2910 802 2958 po·
851 2895 912 2943 lanis
923 2909 969 2941 non
985 2892 1135 2940 addixerunt.
1169 2892 1203 2939 lli
1218 2893 1264 2940 soli
1280 2892 1346 2941 nullis

305 2968 362 3032 pulo
382 2969 466 3014 treceni
480 2967 581 3030 juvenes
601 2967 657 3015 lecti
677 2976 741 3022 sunt,
761 2968 801 3031 qui
851 2982 966 3030 augurum
978 2965 1086 3030 precibus
1096 2963 1160 3011 flecti
1174 2975 1310 3028 potuerunt,
1324 2972 1347 3013 nt

305 3040 376 3090 ermis
392 3040 422 3088 de
439 3056 469 3088 ea
484 3057 509 3088 re
527 3040 691 3089 decernerent.
723 3041 803 3088 Exeo
850 3040 903 3088 loco
927 3039 1048 3088 cederent.
1088 3037 1174 3101 Itaque
1202 3053 1286 3087 eorum
1305 3053 1345 3086 ere

305 3115 386 3181 prelio
407 3114 454 3162 duo
471 3113 554 3177 Argivi
573 3114 709 3178 superstites
726 3113 800 3169 fuere,
851 3112 933 3177 templi
946 3111 1036 3160 ambitu
1047 3110 1222 3175 comprehensas
1238 3122 1310 3171 sunt,
1324 3120 1346 3160 ut

304 3188 409 3237 Alcenor
419 3195 444 3236 et
454 3187 587 3242 Chromius,
600 3196 671 3250 atque
685 3202 745 3234 unus
755 3187 802 3234 La·
852 3186 926 3234 altera
937 3188 983 3233 sita
991 3196 1052 3233 esset
1063 3185 1088 3233 in
1098 3184 1215 3232 Minervse
1224 3185 1345 3241 vestibulo,

304 3259 471 3316 cedaemouffls,
500 3259 635 3322 Othryades.
668 3260 708 3308 llli
726 3259 802 3323 Argos
852 3260 926 3310 ultera
944 3258 968 3307 in
985 3259 1035 3324 ipso
1051 3258 1146 3322 templo.
1173 3258 1238 3306 Vide
1259 3260 1345 3324 Diony·

305 3333 437 3388 avolarunt,
457 3331 577 3379 victoriam
600 3330 748 3391 nuntiaturi5
763 3332 801 3380 hic
850 3333 920 3385 sium.
930 3333 1004 3381 iii.69
1012 3351 1019 3392 5
1036 3332 1088 3379 liv.
1097 3331 1168 3390 i.⁵⁵;
1185 3333 1344 3388 Lactantiunr,

304 3405 399 3460 mansit,
420 3404 576 3470 spoliavitque
598 3404 695 3454 occisos.
729 3406 800 3461 Hinc,
851 3406 880 3454 de
898 3406 961 3454 Fals.
978 3406 1033 3453 Rel.
1048 3407 1071 3453 1.
1083 3422 1123 3453 xx.
1134 3406 1176 3452 30.
1213 3406 1345 3460 Genusum,

305 3492 378 3542 quum
389 3477 486 3527 victoria
502 3479 613 3542 ambigua
627 3487 697 3537 esset,
714 3495 800 3526 novum
851 3495 924 3542 quum
941 3478 971 3526 ad
988 3494 1042 3526 eum
1060 3477 1226 3526 convenissent
1242 3493 1346 3543 augures.

303 3550 409 3614 praelium
421 3550 569 3599 commissum
587 3559 632 3606 est,
642 3553 667 3599 in
678 3568 725 3615 quo
737 3552 799 3600 vice·
850 3551 888 3599 De
910 3551 987 3616 lapide
1009 3552 1060 3615 ejus
1085 3549 1108 3597 in
1129 3550 1197 3599 Jovis
1220 3551 1344 3617 Capitolini

303 3632 359 3671 runt
373 3624 556 3671 lacedemonii.
590 3626 717 3688 Othryades
733 3635 799 3673 ante·
850 3626 946 3689 templo,
973 3625 1068 3673 Servius
1095 3623 1126 3671 ad
1152 3624 1263 3674 AEn.i1.
1284 3627 1343 3673 448:

304 3711 376 3761 quum
391 3695 492 3743 enimam
509 3697 639 3753 exhalaret,
651 3708 737 3761 tropeo
748 3699 799 3759 ely·
849 3698 947 3748 “Unde
975 3700 1000 3746 in
1022 3698 1139 3762 Capitolio
1165 3714 1270 3763 superus
1296 3714 1345 3764 pers

302 3767 340 3833 pei
362 3768 453 3816 hostilis
473 3769 599 3834 inscripsit,
617 3770 697 3834 digitis
717 3787 798 3818 cruore
849 3772 905 3821 teeti
923 3780 996 3837 patet,
1007 3787 1059 3837 quse
1077 3771 1181 3835 lapidem
1199 3773 1278 3836 ipsunt
1293 3773 1346 3821 Ter·

302 3841 396 3890 oblitis:
427 3844 499 3891 Kard
522 3841 642 3907 Ἀργείων
663 3842 798 3906 Ὀθρυάδης
848 3845 905 3893 rnini
924 3855 1029 3909 spectet:
1048 3859 1100 3891 narn
1112 3844 1224 3893 Termino
1240 3862 1287 3894 non
1304 3844 1346 3894 nisi

302 3917 343 3963 sal
362 3914 554 3980 Λακεδαιμόνιοι.
580 3915 692 3964 llerodot.
714 3916 731 3962 i.
749 3919 796 3976 825
847 3920 891 3966 sub
903 3918 957 3966 divo
968 3916 1172 3966 sacrificabatur.”
1191 3917 1346 3968 Conierlac·

300 3988 376 4037 Thuc.
390 4006 414 4037 v.
430 3989 477 4048 41,
494 3990 626 4037 Pausanias
646 3987 753 4037 Corinth.
771 4007 795 4053 p.
846 3993 957 4047 santium,
968 3992 989 4040 1.
1000 4008 1040 4039 xx.
1051 3992 1091 4038 40.

301 4063 357 4112 201.
384 4063 481 4126 Signare
492 4062 600 4111 similiter
611 4063 658 4113 lere
670 4064 769 4113 lletnm.
781 4064 796 4113 i.
879 4066 935 4114 673.
948 4066 1000 4114 Post
1012 4065 1082 4121 illud,
1093 4062 1224 4128 postillam
1236 4073 1347 4115 constan·
