2806 5018
439 375 699 442 Fnsroltunt
726 376 817 442 LIB.
842 378 912 442 111.

1134 378 1197 445 lar

154 549 333 633 Quintum
350 548 567 636 Laurentes,
580 550 638 623 bis
652 551 825 648 quintum
840 551 1058 648 AEquieolus
1073 576 1194 650 asper,

196 665 231 736 A
249 664 374 737 tribus.
386 664 486 737 hunc
500 665 660 762 primum
678 667 789 739 turba
807 666 988 739 Curensis
1006 660 1142 742 habet:

154 779 198 853 Et
215 780 285 852 tibi
302 803 389 854 cum
408 780 568 876 proavis,
587 781 695 853 miles
714 781 885 876 Peligna,
908 781 1059 854 Sabinis
1148 787 1196 857 95

200 894 404 981 Convenit;
433 894 494 967 hic
514 896 617 989 genti
636 905 792 992 quartus
808 896 957 992 utrique
977 896 1095 971 Deus,

154 1009 348 1096 Romulus,
367 1010 435 1083 hos
454 1033 584 1082 omnes
602 1020 643 1083 ut
658 1011 824 1083 vinceret
841 1011 970 1084 ordine
988 1013 1133 1099 saltem,

200 1123 402 1221 Sanguinis
421 1125 563 1198 auctori
582 1135 753 1223 tempora
766 1126 886 1223 prima
902 1126 1021 1213 dedit,

154 1238 232 1313 Nec
243 1239 400 1313 totidem
410 1250 570 1327 veteres,
580 1250 676 1336 quot
686 1266 799 1328 nune,
812 1240 978 1315 habuere
990 1240 1195 1317 Kalendas.

197 1354 270 1429 Ille
286 1356 406 1430 minor
424 1357 582 1452 geminis
600 1358 793 1431 mensibus
810 1381 931 1431 annus
950 1370 1044 1431 erat.
1126 1364 1196 1431 100

154 1469 328 1544 Nondum
345 1471 553 1545 tradideras
572 1473 691 1546 victas
708 1472 913 1546 victoribus
932 1484 1043 1559 antee,

199 1584 368 1674 Graecia3
397 1585 612 1673 sacimdum,
632 1589 700 1662 sed
718 1590 816 1662 male
833 1588 928 1662 sorte
947 1612 1078 1684 genus.

154 1700 223 1786 Qui
241 1703 340 1776 bene
356 1715 553 1800 pugnarat,
574 1703 786 1777 Romanam
805 1713 958 1777 noverat
974 1714 1114 1777 artem:

199 1815 356 1891 Mittere
373 1819 438 1915 qui
456 1830 603 1916 poterat
621 1821 707 1917 pila,
727 1821 890 1894 disertus
909 1813 999 1892 erat.

154 1930 245 2015 Quis
262 1942 353 2006 tunc
371 1943 438 2005 aut
456 1931 626 2031 Hyadas,
639 1946 705 2007 aut
719 1934 897 2008 Pleiades
911 1933 1113 2009 Atlanteas
1128 1937 1197 2005 105

203 2046 394 2132 Senserat,
414 2059 479 2121 aut
497 2050 665 2143 geminos
684 2073 768 2123 esse
786 2049 857 2119 sub
875 2069 946 2121 axe
966 2047 1098 2144 polos?

154 2283 205 2337 ἱεὶς
231 2276 297 2340 quod
316 2277 429 2326 Heinsius
449 2279 555 2342 quinque
575 2279 647 2327 MSS.

154 2349 222 2400 redd.
234 2350 374 2399 auctoritate
385 2351 410 2398 in
424 2362 528 2400 comtanr
540 2352 650 2400 mutavit.

154 2423 219 2473 lirae
238 2424 331 2471 Albona
358 2434 458 2486 temporo
484 2432 539 2472 runt
560 2424 650 2472 Albani

154 2510 256 2546 mems-
281 2496 650 2561 Duriticstsmenquoedamin·
674 2529 679 2537 ·

154 2578 188 2620 est
197 2568 224 2617 in
234 2568 278 2617 illa
288 2569 463 2635 conjunctione,
475 2570 594 2626 Aricinos,
607 2570 650 2618 Al-

154 2647 215 2694 bsus
235 2653 350 2711 tempora,
370 2653 396 2694 et
415 2645 528 2709 Telegoni
554 2647 651 2694 rnoenia.

154 2718 287 2783 Telegonus,
314 2718 397 2768 Circes
423 2720 493 2775 tilius,
520 2720 651 2767 Tusculum

154 2792 473 2853 condidit38ilius,vii.692.
491 2793 652 2843 Vidcluver.

154 2867 210 2917 tui.
218 2865 319 2931 ntique
329 2867 363 2915 iii.
374 2869 403 2914 4:
421 2875 446 2915 et
456 2868 517 2915 inira
528 2867 559 2915 ad
570 2866 602 2915 iv.
613 2869 651 2915 71.

181 2942 226 2992 93.
259 2941 382 3005 AEqunoti,
403 2948 444 2989 aut
470 2941 588 3004 AEprisuli
611 2949 652 2988 aut

154 3014 232 3078 Equi,
243 3013 275 3062 sd
285 3022 411 3078 utramque
421 3014 521 3063 Anienis
530 3015 604 3078 ripam
616 3013 652 3061 in·

154 3086 269 3143 mmm,
283 3102 343 3150 geos
362 3086 413 3136 fers
434 3096 459 3135 et
476 3088 583 3150 agrestis,
599 3101 651 3152 quse

154 3168 245 3209 uncta
265 3169 351 3209 taram
371 3162 505 3215 exercebat,
522 3170 609 3209 venatu
628 3169 653 3208 et

154 3242 221 3301 rapto
230 3233 344 3294 vivebat3
355 3235 453 3284 AEneid.
464 3235 507 3283 vii.
516 3236 653 3283 rso-749.

154 3307 219 3357 ilinc
235 3307 461 3372 seperAEqnicolus.
495 3309 653 3356 AEn.r.730.

154 3389 243 3446 “gens
265 3380 326 3430 dura
350 3391 422 3446 atquc
446 3396 530 3446 aspera
554 3381 654 3430 cultu:’'

154 3471 209 3521 qno
227 3455 276 3504 sita
296 3472 375 3517 aspera
390 3457 446 3504 AEn.
463 3454 497 3503 is.
516 3456 654 3503 ooo-613.

154 3526 250 3593 plonius
266 3527 415 3577 describitur.
448 3530 514 3576 Ante
531 3526 656 3577 Heinsium

154 3599 297 3651 Quor.
323 3603 534 3662 Atribusprisrus,
544 3609 598 3667 post
609 3609 656 3649 tres

154 3675 544 3740 mmrprimus,ergoquarrur.
578 3675 656 3721 Turba

154 3748 274 3805 Gerasa
294 3747 379 3797 incolae
403 3749 510 3805 eurtum,
531 3763 584 3813 qne
611 3748 657 3797 fnit

154 3823 451 3888 mmponssabtnmm.
478 3823 655 3886 Vulgol'orsa-

154 3901 202 3956 ὡς
215 3904 272 3945 tunc
282 3896 397 3961 Scaliger,
404 3897 546 3945 urendente
555 3895 657 3960 Neapol.

154 3970 256 4020 Forulos
264 3970 423 4034 intelligebat,
434 3969 575 4018 Sabinorum
589 3967 657 4033 oppi-

154 4043 232 4103 dem
253 4043 295 4091 sed
313 4043 368 4092 vide
385 4045 470 4092 Burin.
501 4043 580 4090 Sebini
598 4041 658 4090 anti·

154 4115 267 4184 quissimt
294 4116 373 4181 stirpis
393 4117 514 4166 Ausonia.
553 4116 592 4164 Ad
619 4131 659 4164 eos

155 4191 255 4254 Peligni
263 4205 319 4239 cnm
331 4190 384 4238 aliis
392 4191 507 4254 originem
517 4190 660 4248 referebant3

699 2279 779 2343 lleyn.
791 2278 852 2325 Exc.
861 2277 895 2324 iv.
906 2276 938 2324 ad
949 2278 1009 2324 AEn.
1021 2276 1062 2324 vii.
1078 2277 1199 2339 Metropo-

699 2351 729 2399 lis
745 2366 825 2399 eorum
841 2349 931 2403 Sulmo,
942 2348 1019 2413 petria
1036 2347 1133 2408 Ovidii3
1150 2348 1199 2397 Ill.

700 2426 794 2474 llrnorr.
806 2441 845 2472 xv.
857 2426 881 2471 8.
914 2422 1017 2486 Peligni,
1031 2430 1057 2471 ut
1071 2421 1146 2471 Marsi
1163 2423 1197 2470 vi-

700 2498 756 2555 cini,
768 2499 841 2548 sortes
851 2499 934 2546 milltes
944 2506 1020 2546 erant.

732 2575 773 2622 99.
795 2573 833 2620 De
850 2586 947 2620 numero
969 2569 1084 2619 mensium
1103 2569 1198 2635 repetit,

701 2646 765 2710 quod
784 2647 835 2711 jam
854 2646 870 2693 i.
887 2647 993 2693 27-44.
1010 2643 1129 2692 tractavit.
1163 2645 1201 2692 Ibi

700 2721 802 2785 primam
811 2720 862 2784 ejus
871 2719 962 2767 numeri
971 2733 1077 2774 causam,
1083 2717 1202 2765 inscitiam

701 2802 807 2843 veterum
830 2793 990 2841 Romanorum
1014 2792 1084 2839 verbo
1105 2797 1199 2839 mutum

702 2867 789 2931 tetigit.
822 2868 910 2915 Veram
928 2874 1016 2922 autem,
1028 2879 1113 2929 nempe
1126 2865 1200 2912 Alba-

702 2955 745 2990 nes
758 2942 791 2990 ita
809 2941 916 2989 divisisse
933 2955 1021 2988 annum
1037 2948 1135 3002 utroque
1150 2940 1202 2985 loco

701 3014 790 3064 ommit.
831 3014 918 3062 Verbis
937 3017 1008 3060 vietm
1025 3013 1146 3060 victoribus
1165 3010 1202 3057 lu·

702 3087 758 3136 dere
769 3086 852 3142 voluit,
861 3095 888 3133 ut
898 3085 1023 3133 Horatll.
1033 3083 1108 3147 Epist.
1115 3082 1132 3128 i.
1141 3084 1200 3129 156:

703 3168 720 3190 ‘⁸
732 3161 827 3210 Gracia
838 3167 909 3224 cepta
920 3159 995 3205 serum
1008 3157 1119 3203 victorem
1131 3155 1203 3219 cepit,

704 3242 728 3282 et
744 3243 807 3281 artes
824 3231 908 3278 Intulit
925 3229 1011 3292 agresti
1028 3227 1121 3275 Latio.’'
1155 3227 1203 3275 Ubi

704 3307 805 3372 populns
811 3303 922 3359 vincitur,
931 3302 1058 3350 vincuntur
1066 3300 1137 3349 etiam
1149 3317 1202 3366 qua·

704 3381 756 3444 ejus
774 3387 839 3428 runt.
872 3376 986 3424 Similiter
1002 3374 1074 3423 Orid.
1091 3390 1171 3440 supra.
1186 3376 1203 3423 i.

704 3457 763 3504 ⁵2³.
772 3456 831 3501 victo
842 3462 916 3501 temen
925 3454 1000 3498 vinces
1005 3449 1070 3499 lusit.
1088 3450 1204 3498 Krebsins

706 3532 778 3576 oictm
804 3527 899 3592 interpr.
920 3532 1009 3590 spretas
1038 3540 1053 3571 a
1079 3523 1205 3572 Romanis.

707 3602 771 3650 Male
779 3601 854 3666 sorte,
865 3614 948 3667 purum
966 3598 1034 3653 torte,
1051 3597 1133 3653 molle,
1145 3611 1204 3662 qua·

707 3685 774 3726 tenus
784 3673 911 3723 succubuit
921 3670 1046 3719 Romanis.

741 3751 795 3797 105.
812 3746 985 3796 Astronomiam
1000 3743 1147 3810 potissimum
1163 3759 1203 3794 no-

707 3822 789 3878 minat,
797 3821 853 3886 quia
863 3820 919 3869 inde
930 3819 1041 3883 temporis
1051 3818 1136 3867 divisio
1146 3834 1205 3883 pen·

706 3896 756 3945 det.
789 3897 836 3943 Sub
852 3912 901 3950 axe,
919 3895 944 3942 in
960 3894 1006 3941 tine
1027 3902 1127 3956 utroque
1145 3892 1205 3940 axis.

709 3970 836 4032 Cynosura,
863 3969 948 4016 Arctos
981 3965 1066 4014 minor.
1116 3956 1206 4029 Hygtn'.

711 4042 777 4091 Post.
789 4043 883 4090 Astron.
899 4041 925 4088 ii.
936 4043 961 4088 2.
978 4055 1033 4104 pag.
1043 4040 1104 4087 366:
1123 4045 1138 4066 ‘⁴
1148 4041 1206 4084 Om-

710 4131 752 4164 nes
768 4112 808 4180 qni
826 4102 1015 4180 Peloponnesum
1031 4112 1146 4164 incolunt,
1160 4111 1207 4175 pri-

709 4205 748 4238 ore
765 4197 862 4238 utuntur
877 4189 966 4243 Arcto,
985 4187 1111 4234 Plroerrices
1128 4192 1207 4232 alitem

808 4263 830 4309 R
