2806 5018
190 365 254 431 tto
471 362 512 428 Ρ.
536 357 698 427 OVIDII
722 359 935 427 NASONIS

193 534 409 611 Seminibus
428 533 537 607 tostis
555 534 749 607 sceleratae
767 532 897 607 frande
916 553 1100 619 novercae,

241 650 455 723 Sustulerat
471 650 607 736 nullas,
623 659 666 721 ut
684 649 791 735 solet,
811 649 928 722 herba
944 670 1090 722 comas.

196 765 364 838 Mittitur
381 764 429 838 ad
447 764 629 863 tripodas,
649 774 754 837 certa
771 762 837 858 qui
855 772 955 836 sorte
973 773 1154 859 reportet,
1174 765 1237 836 855

240 878 365 964 Quam
383 878 498 953 sterili
516 891 624 953 terrae
644 877 853 975 Delphicus
872 878 961 950 edat
977 900 1105 975 opem.

191 995 265 1070 Hie
283 1020 437 1094 quoque
454 1005 663 1092 corruptus,
683 1017 750 1091 pro
769 993 910 1066 semine
930 994 1081 1066 nuntiat
1098 992 1225 1067 Helles

240 1110 291 1185 Et
303 1111 453 1208 juvenis
472 1109 620 1208 Phryxi
638 1108 769 1182 lunera
786 1120 885 1182 sorte
904 1109 993 1207 peti.

190 1225 321 1323 thue
339 1237 575 1300 recusantem
593 1224 707 1310 cives,
722 1234 762 1297 et
778 1233 940 1323 tempus,
960 1235 1000 1298 et
1018 1223 1091 1297 Ino

240 1341 516 1439 Compulerunt
532 1363 659 1436 regem
672 1342 781 1435 jussa
799 1339 960 1414 nefanda
976 1340 1056 1438 pati
1070 1368 1094 1428 ;·
1169 1342 1232 1411 860

189 1454 239 1528 Et
255 1479 370 1541 soror,
390 1465 428 1529 et
446 1454 637 1551 Phryxus,
657 1455 768 1528 velati
788 1465 960 1552 tempora
975 1455 1095 1538 vittis,

240 1570 353 1643 Stant
371 1570 480 1642 simul
499 1580 587 1644 ante
605 1594 710 1658 aras;
735 1573 945 1666 junctaque
962 1567 1039 1643 sata
1057 1579 1221 1665 gemunt.

190 1684 367 1783 Adspicit
381 1687 462 1772 hos,
481 1697 524 1757 ut
541 1685 635 1759 forte
653 1685 887 1784 pependerat
903 1686 1056 1771 aethere,
1071 1696 1210 1773 mater;

241 1798 291 1872 Et
307 1799 393 1878 ferit
410 1801 568 1874 attonita
584 1811 740 1900 pectora
757 1803 859 1874 nuda
875 1823 1010 1873 manu:

189 1914 312 2013 Inque
329 1916 619 2013 draconigenam
637 1917 775 1990 nimbis
793 1915 1061 1990 comitantibus
1080 1917 1210 1991 urbem

239 2029 396 2120 Desilit;
426 2044 465 2106 et
482 2043 590 2105 natos
609 2030 721 2129 eripit
736 2031 824 2105 inde
843 2055 944 2104 suos.
1165 2032 1228 2105 866

189 2144 320 2240 thue
337 2144 465 2242 fugam
483 2146 642 2244 rapiant,
662 2145 757 2219 aries
776 2145 1024 2219 nitidissimus
1041 2169 1137 2219 auro

237 2258 434 2334 Traditur:
464 2261 526 2334 ille
544 2261 647 2334 vehit
664 2285 732 2358 per
749 2261 843 2335 freta
861 2263 973 2358 longa
987 2261 1099 2334 duos.

187 2479 237 2526 beri
256 2486 293 2526 est
313 2476 347 2525 xi.
368 2478 427 2526 Kal.
450 2486 474 2526 et
496 2477 685 2542 AEquinoctinm,
737 2478 835 2544 recepit,
845 2496 887 2541 pro
897 2481 980 2526 semine
988 2480 1037 2539 peti
1040 2475 1232 2542 sosarmsemiot

188 2550 252 2616 quod
275 2566 323 2599 rer.
343 2552 399 2598 877.
420 2561 569 2608 memoratur,
590 2551 615 2599 in
635 2551 687 2600 viii.
738 2562 802 2602 recte
821 2559 953 2600 surrectura
970 2552 1068 2607 csse,si
1089 2550 1200 2615 Phryxum
1213 2556 1232 2595 rt

188 2625 249 2672 Kal.
257 2623 354 2690 Aprilis,
365 2624 414 2672 sive
424 2624 450 2672 in
461 2624 524 2672 diem
533 2625 597 2672 xxiv.
605 2626 688 2673 Martii
738 2627 809 2674 Helle
818 2633 958 2674 mactentur.
991 2620 1233 2674 Misenatsemrit

187 2695 279 2745 incidit.
311 2696 351 2745 Sic
372 2698 461 2745 Noster
489 2699 608 2746 consentit
633 2713 687 2746 cum
738 2701 844 2748 alteram.
877 2696 991 2746 Probavit
1012 2704 1036 2744 et
1055 2698 1145 2746 Krebs.
1178 2697 1232 2745 Cim

187 2768 293 2818 Kalend.
303 2778 351 2818 vet.
361 2781 386 2819 et
397 2771 484 2826 Plinio,
496 2772 560 2819 xviii
570 2773 612 2819 26.
645 2772 685 2819 Sol
735 2773 882 2821 Athamanta
897 2778 985 2834 cogunt
998 2769 1072 2818 etiam
1087 2769 1154 2836 apud
1163 2768 1230 2836 Apol·

184 2845 267 2906 premit
283 2842 343 2898 loca,
355 2843 384 2891 ad
402 2859 455 2908 quie
470 2844 571 2900 accedit,
583 2845 684 2892 Metam.
735 2846 851 2900 lodorum,
859 2843 901 2891 sed
909 2843 980 2907 justa
990 2842 1116 2907 Hyginum
1129 2843 1230 2908 Phryrm

187 2916 236 2967 xiv.
247 2917 303 2965 416.
313 2925 385 2981 atque
401 2916 461 2964 adeo
476 2917 562 2972 sidera,
577 2933 630 2981 que
650 2917 686 2965 in·
735 2919 797 2967 ultro
807 2933 835 2966 ac
844 2916 920 2965 libens
930 2913 1231 2980 polliceturseunumeivi·

185 2988 306 3055 preditus,
322 2990 422 3038 Metam.
433 2989 467 3037 ix.
476 2991 533 3040 286.
541 3006 615 3054 quum
625 2993 686 3039 deci·
736 3000 809 3041 tatem
821 3005 927 3038 erumna
936 2988 1102 3038 liberaturum.

186 3081 248 3112 mum
254 3074 396 3127 premeretur
406 3066 589 3129 marimum.
769 3066 827 3113 863.
846 3064 931 3120 hister,
951 3061 1071 3126 Nephele,
1088 3079 1144 3128 qun
1162 3059 1233 3113 latinis

219 3138 277 3187 863.
287 3137 686 3186 Haedesemlaibastostislloster
736 3135 914 3201 mythographis
936 3135 1028 3182 Nebula
1054 3135 1155 3185 dicitur.
1188 3135 1231 3184 Ne·

184 3212 234 3276 jam
245 3211 271 3260 ii.
281 3212 432 3276 cataroae
465 3213 510 3260 luo
521 3211 632 3260 mulieres
641 3211 685 3259 im·
735 3212 798 3260 bula
824 3219 865 3258 aut
886 3210 961 3258 nubes
984 3212 1082 3270 pendere
1106 3209 1230 3264 dicuntur;

187 3285 257 3350 pulit,
266 3292 295 3332 ut
309 3284 372 3332 elam
386 3285 477 3333 maritis
487 3285 575 3348 trugas,
587 3299 646 3348 quas
661 3285 685 3332 io
736 3287 860 3350 Virgilius,
880 3286 967 3349 Georg.
984 3285 1001 3333 i.
1018 3287 1077 3333 214.
1111 3286 1160 3334 Pro
1172 3285 1231 3349 sorte

187 3365 316 3408 sementem
327 3357 419 3413 darent,
428 3365 552 3413 torrerent,
563 3372 592 3404 ne
603 3372 685 3404 nasce·
736 3358 912 3407 Mitsch.sorte.
945 3356 1019 3423 Apud
1034 3357 1160 3422 Hyginum
1178 3372 1229 3407 nun·

186 3441 275 3487 rentur,
283 3431 317 3478 ita
327 3438 354 3477 ut
365 3429 449 3477 civitas
460 3437 511 3478 tota
520 3429 582 3477 same
593 3428 686 3493 periret.
736 3432 783 3480 tius
802 3430 961 3480 misericordia
981 3430 1142 3480 adolescentis
1163 3439 1233 3480 tactos

189 3504 275 3552 Nullos
284 3505 408 3551 sustulerat
424 3519 505 3559 eomas,
518 3517 564 3550 non
581 3513 687 3551 creverat
737 3505 795 3552 lnns
827 3504 950 3552 consilium
977 3503 1122 3552 Athamanti
1153 3503 1232 3570 aperit.

188 3576 213 3625 in
227 3579 324 3633 aristas;
341 3575 500 3639 Apollodorus
511 3577 622 3639 καρποὺς
631 3575 684 3636 ἐτη·
738 3579 804 3635 Quos
820 3578 925 3626 Cadmus
941 3577 967 3624 in
982 3576 1111 3625 condenda
1129 3579 1187 3627 urbe
1200 3591 1233 3624 so·

188 3650 257 3707 oiovc
267 3652 300 3713 γῆ
311 3649 355 3696 olor
366 3647 486 3698 ἀνεδίδου.
506 3650 606 3705 Nuntio,
614 3666 685 3714 quem
736 3653 784 3701 cios
794 3652 918 3707 habuerat,
928 3667 942 3700 e
958 3652 1015 3699 satis
1029 3653 1149 3716 serpentia
1163 3650 1234 3701 denti-

187 3738 240 3782 eam
252 3722 282 3771 ob
293 3736 389 3770 cauum
400 3723 515 3770 Athamas
523 3722 631 3787 Delphos
641 3723 685 3771 mi·
735 3727 780 3774 hus
791 3725 840 3774 nati
851 3724 1018 3784 tradebantur;
1034 3726 1140 3774 Metam.
1151 3726 1186 3775 iii.
1194 3723 1234 3772 161

187 3797 226 3851 sit,
243 3795 288 3843 lno
306 3794 428 3859 precepit,
445 3804 471 3843 nt
487 3795 572 3842 falsum
591 3811 685 3859 respon·
735 3814 788 3862 sqq.
821 3798 884 3846 Hinc
901 3798 989 3847 ibidem
1000 3814 1050 3847 ver.
1062 3798 1236 3848 columbani

187 3883 240 3916 sum
258 3867 362 3916 referret.
395 3867 458 3915 Hine
477 3878 597 3928 corruptus
615 3884 684 3917 voca-
735 3875 870 3936 ongutgenoe
880 3881 1001 3929 vocantur,
1013 3879 1086 3936 atque
1102 3887 1169 3921 nunc
1186 3872 1238 3920 urbs

187 3948 236 3996 ¹¹11,
249 3949 273 3988 el
284 3939 379 4003 quidem
390 3954 404 3990 e
414 3940 504 4003 vulgat
515 3939 623 3995 lectione,
634 3958 685 3989 eom
736 3962 816 3994 eorum
827 3949 997 4011 draconigenae,
1015 3948 1123 3996 Metam.
1132 3948 1175 3997 vii.
1185 3949 1240 3996 111.

187 4017 276 4068 senine,
294 4029 366 4077 quem
384 4012 429 4062 Ino
450 4029 518 4078 reque
539 4024 683 4079 corruperat,
734 4026 891 4086 urpmrigena
908 4021 1004 4086 legitur.
1040 4022 1152 4080 Desilirae,
1163 4033 1190 4075 nt
1204 4027 1240 4073 de·

188 4102 217 4136 ac
233 4085 403 4136 autesemina:
422 4087 485 4152 quod
500 4087 594 4137 durum.
624 4091 685 4137 Bur·
736 4094 790 4151 labi,
799 4093 828 4143 de
836 4094 890 4143 Diia
898 4095 1016 4144 interram
1027 4094 1250 4155 descendentibm,

187 4177 287 4212 manuus
308 4162 380 4227 igitur
399 4162 468 4214 unios
488 4162 541 4212 cod.
559 4164 687 4231 lectionem
768 4169 825 4217 867.
844 4168 1000 4217 Ntoutatmm
1012 4186 1082 4231 saro,
1094 4173 1241 4239 χρυσόμαλ-
