2806 5018
171 365 239 433 28)
467 360 506 426 P.
532 358 694 426 ovtnrl
716 353 931 424 NASONIS

174 537 272 612 Tum
289 534 390 620 licet,
410 532 594 631 apposita,
614 531 726 605 veluti
745 540 903 614 cratere,
922 523 1099 609 camella,

225 648 300 723 Lac
319 648 467 722 niveum
487 658 607 745 potes,
628 666 933 744 purpureamque
951 663 1110 738 sapam:
1152 641 1214 709 780

175 763 348 861 Moxque
365 786 433 859 per
448 762 625 840 ardentes
644 759 793 856 stipulae
810 757 1033 855 crepitantis
1052 776 1198 829 acervos

226 877 539 974 Trajiciasceleri
558 887 711 949 strenua
727 875 899 948 membra
913 871 1028 970 pede.

177 992 386 1091 Expositos
404 1017 486 1066 mos
501 1001 582 1065 est:
611 991 725 1063 moris
742 989 834 1062 mihi
852 998 970 1061 restat
987 985 1110 1081 origo.

227 1108 354 1182 Turba
371 1107 461 1181 lacit
477 1107 648 1190 dubium,
666 1117 869 1204 coeptaque
886 1114 1019 1177 nostra
1036 1109 1156 1175 tenet.

178 1222 318 1295 Omnia
334 1233 470 1319 purgat
487 1221 586 1294 edax
605 1220 715 1316 ignis,
735 1219 945 1315 vitiumque
961 1214 1130 1290 metallis
1154 1215 1216 1284 785

228 1335 440 1431 Excoquit:
469 1335 610 1408 idcirco
628 1358 715 1408 cum
732 1334 831 1408 duce
849 1341 986 1431 purgat
1003 1353 1111 1404 oves.

178 1450 252 1534 An,
270 1450 360 1546 quia
375 1460 595 1524 cunctarum
613 1451 799 1523 contraria
816 1448 960 1522 semina
977 1468 1106 1520 rerum

230 1565 328 1637 Sunt
345 1565 420 1636 duo
437 1564 643 1648 discordes,
663 1565 761 1660 iguis
779 1575 819 1638 et
836 1562 948 1645 unda,
969 1559 1049 1646 Dii,

209 1820 270 1870 779.
280 1820 310 1868 In
319 1819 407 1869 mensis
413 1829 519 1870 veterum
529 1830 606 1868 crater
614 1828 677 1868 stare
727 1818 869 1868 nationibus
886 1817 967 1866 locum
986 1813 1114 1870 hsbebst3
1138 1811 1223 1861 maur-

179 1895 278 1951 solebet,
290 1894 332 1942 sed
345 1894 369 1941 in
382 1894 419 1942 his
432 1892 547 1942 conviviis
560 1893 612 1958 ejus
626 1892 677 1942 loco
728 1895 796 1950 chus,
807 1896 898 1952 Quaest.
909 1892 981 1939 ltorn.
995 1891 1022 1936 l:
1040 1889 1070 1939 τὸ
1083 1889 1135 1952 πῦρ
1147 1883 1223 1936 :aod-

179 1970 284 2024 osssello,
301 1967 364 2016 vasis
380 1967 452 2031 lignei
470 1983 559 2031 genus;
580 1967 610 2014 de
630 1982 678 2030 qua
728 1984 772 2030 ρει,
790 1967 818 2016 τὸ
841 1963 905 2028 ὕδωρ
925 1962 1032 2028 ἁγνίζει.
1071 1961 1188 2023 Exsequit,
1204 1966 1226 2005 ut

178 2057 238 2092 voce
254 2043 339 2090 rariore
357 2041 405 2089 vid.
421 2041 496 2089 Varro
513 2042 605 2105 Fragm.
623 2057 678 2105 pag.
727 2040 796 2103 Virg.
814 2039 904 2101 Georg.
921 2037 938 2085 i.
956 2037 1003 2084 89:
1024 2035 1091 2098 agris
1108 2047 1176 2082 omne
1192 2046 1228 2096 per

179 2116 238 2164 240.
250 2114 305 2178 Bip.
316 2122 341 2162 et
351 2114 455 2162 Turneb.
466 2114 566 2161 Advers.
579 2114 642 2161 xxvi.
653 2114 677 2160 7.
727 2112 806 2175 ignem
827 2110 974 2175 Excoquitur
994 2107 1108 2156 vitium.''
1147 2106 1228 2154 Duces

180 2187 204 2236 Δ
219 2187 299 2237 Gellio
315 2189 387 2237 Noct.
398 2187 449 2235 Au.
459 2187 506 2235 xvi.
519 2188 541 2234 7.
553 2186 613 2234 inter
630 2186 678 2234 sin·
728 2190 804 2250 gregis
814 2183 877 2250 apud
886 2193 968 2249 poetas
976 2181 1080 2245 ubique.
1087 2180 1161 2229 etiarn
1171 2177 1228 2242 epod

180 2259 272 2324 galatis
298 2259 394 2309 Laberii
421 2259 539 2317 refertum
571 2259 680 2308 Tibullus
730 2259 843 2308 Ovidium
854 2252 1228 2310 esevetarietemaelhtrcam,

180 2333 246 2383 dicto
256 2332 308 2380 loco
318 2334 359 2380 98.
369 2332 400 2379 de
410 2331 447 2380 bis
461 2332 545 2392 epulis,
557 2339 572 2359 ¹⁶
583 2348 679 2381 corona·
730 2332 769 2383 rel
782 2341 885 2386 taurum,
898 2345 944 2377 non
960 2336 1041 2376 autem
1057 2335 1186 2392 pastorem,
1199 2333 1230 2372 at·

182 2411 221 2454 tus
233 2403 305 2452 stabit
320 2414 344 2453 et
360 2414 414 2452 ente
428 2404 516 2453 calix.”
549 2406 609 2466 Sapo
622 2405 680 2470 quid
730 2420 777 2468 que
794 2404 866 2452 etiam
884 2403 928 2450 hoc
945 2401 993 2449 loc.
1009 2400 1111 2449 arietem
1127 2396 1231 2460 intelligi,

181 2475 261 2534 luerit,
272 2475 342 2523 docet
353 2474 453 2531 Plinius,
464 2475 511 2523 xiv.
527 2478 551 2523 ll
564 2497 569 2524 ;
588 2485 603 2505 “
611 2479 680 2527 Siroe·
730 2479 839 2525 observat
853 2474 963 2538 He'ynins
977 2472 1009 2520 ad
1021 2471 1116 2520 libuli.
1126 2472 1147 2520 1.
1158 2487 1184 2519 x.
1196 2472 1229 2522 to.

181 2563 231 2602 nm,
242 2547 304 2610 quod
323 2547 363 2596 alii
379 2547 499 2612 hepsema,
512 2552 584 2602 nostri
598 2567 679 2614 sapam
731 2550 815 2598 Pastor
831 2548 909 2613 potius
924 2549 1030 2609 sequitur
1046 2561 1121 2604 oves;
1141 2542 1175 2592 vl.
1191 2545 1232 2601 1⁴3

182 2619 311 2684 appellent,
329 2621 427 2682 ingenii,
444 2637 491 2669 non
513 2631 602 2671 naturas
622 2640 681 2688 opus
731 2624 772 2672 sed
783 2623 840 2687 quin
851 2621 968 2670 Palilibus
979 2636 1028 2669 non
1038 2635 1099 2684 grex
1110 2616 1232 2675 maeoseu

182 2699 227 2746 est,
245 2700 322 2740 musto
337 2708 415 2755 usque
432 2693 462 2740 ad
480 2694 572 2742 tertiam
589 2705 681 2758 partem
731 2704 811 2760 pastor
823 2709 918 2759 quoque
933 2694 1092 2758 purgabatur.
1105 2708 1169 2741 nuuc
1184 2690 1233 2755 qni·

181 2779 297 2812 mensurae
305 2764 417 2813 decocto:
430 2767 494 2829 quod
503 2767 543 2814 nbi
552 2768 640 2815 lactum
650 2770 681 2816 nd
731 2768 786 2817 dem
797 2768 860 2816 hunc
871 2767 1005 2829 intelligere
1016 2765 1110 2829 possis;
1120 2763 1232 2817 Tibullus.

181 2836 305 2886 dimidiam
332 2847 375 2892 est,
396 2838 515 2887 defrutum
543 2843 680 2891 vocamus.’'
731 2842 754 2888 Ι.
775 2841 792 2889 i.
813 2843 860 2890 35:
890 2848 906 2868 ¹⁴
920 2840 968 2887 Hic
996 2855 1042 2902 ego
1071 2847 1232 2903 pastoremque

185 2911 259 2959 Verro
278 2926 333 2959 vero
354 2920 378 2960 et
397 2913 506 2960 Nonnins
528 2924 632 2962 mustum
651 2916 681 2963 ad
731 2931 810 2963 meum
820 2914 920 2962 lustrare
930 2913 1070 2976 quotannis.
1080 2913 1112 2960 Et
1120 2910 1234 2977 placidam

182 2982 285 3033 mediam
303 2992 392 3047 partem
411 2984 535 3032 decoctum
552 3002 628 3047 sapum
642 3005 681 3035 vo-

182 3064 248 3105 cant.
281 3056 403 3105 Potionem
414 3073 427 3105 e
439 3073 498 3121 sapa
508 3067 531 3105 et
542 3059 605 3107 lacta
616 3075 680 3108 com·

182 3129 281 3195 positam
304 3131 421 3179 veteribus
442 3131 531 3179 dictam
553 3149 605 3181 esse
626 3135 680 3182 bur·

182 3205 309 3258 rlrunicam,
332 3204 445 3268 Neapolis
466 3204 544 3253 docet.
583 3208 680 3266 Festus5

182 3282 198 3302 ¹⁴
210 3275 357 3325 Burrlranica
377 3277 450 3341 potio,
472 3277 510 3325 lac
532 3278 680 3326 commistum

182 3363 250 3411 sape,
266 3364 280 3396 e
298 3350 348 3396 rulo
368 3351 454 3405 colore,
475 3361 546 3413 quem
566 3352 680 3399 burrlrum

183 3422 295 3469 vocant.''
321 3423 359 3470 De
370 3423 430 3471 saltu
444 3440 484 3488 per
495 3425 604 3471 flammas
616 3426 680 3473 conl.

183 3491 216 3538 ad
227 3508 275 3540 ver.
284 3493 330 3539 727
341 3512 347 3551 ;
365 3495 527 3544 transiliebant
540 3498 600 3543 bene
616 3497 681 3560 poti;

183 3562 299 3616 Trbulhs.
313 3566 376 3613 dicto
395 3567 446 3615 loco
463 3570 507 3617 89:
533 3576 548 3595 ‘¹
562 3570 606 3616 llle
623 3569 681 3618 levis

183 3634 277 3695 stipulis
299 3635 407 3685 solennes
426 3648 495 3703 potus
516 3656 612 3689 acervos
632 3644 680 3690 Ac-

184 3703 278 3759 cendet,
289 3705 394 3757 flammas
406 3712 568 3775 transilietque
578 3715 681 3762 sacras.”

184 3833 186 3836 Α
218 3777 274 3824 783.
285 3777 359 3826 Moris
369 3780 443 3842 origo.
473 3783 519 3829 llic
531 3789 607 3841 turbu,
620 3787 680 3834 mul-

184 3847 262 3906 titudo
278 3863 402 3898 causarum
419 3868 472 3899 eum
490 3855 620 3904 reddebant
636 3859 679 3906 du·

183 3921 259 3979 bium,
270 3929 294 3968 et
303 3937 396 3971 cursum
410 3926 520 3974 orationis
533 3930 679 3990 retinebuut5

185 4013 209 4046 v.
219 3995 243 4042 6.
257 3997 321 4056 copia
337 3999 384 4057 ipsu
401 4008 472 4047 nocet.
506 4000 585 4048 Multa
602 4002 639 4050 hic
657 4015 681 4052 et

184 4068 244 4118 mira
253 4068 367 4117 cumulat.
389 4071 453 4135 lgm's
463 4082 556 4137 propter
567 4075 613 4123 virn
623 4093 679 4137 pnr-

183 4144 256 4207 gandi
267 4141 315 4205 jem
332 4143 395 4206 apud
410 4144 585 4209 antiquissimos
596 4147 620 4198 in
633 4150 679 4200 lus·

731 2988 794 3036 soleo
805 3001 914 3051 spargere
926 2986 988 3034 lacte
1001 2985 1115 3032 Paterae·

765 3061 821 3108 tot.
832 3061 923 3106 Semina
930 3074 1019 3113 rernm,
1028 3058 1160 3111 elementa,
1167 3054 1235 3104 etim

731 3133 833 3182 Metam.
844 3136 860 3181 i.
871 3135 895 3181 9.
929 3131 985 3180 Vim
1000 3135 1176 3179 contrariorum
1186 3128 1235 3177 illo·

732 3222 782 3255 rum
799 3209 908 3254 semiesum
921 3205 1029 3255 declarat
1044 3204 1105 3254 ibid.
1116 3220 1166 3252 rer.
1176 3204 1234 3250 ⁴32:

733 3287 750 3306 ‘¹
761 3281 891 3344 Quumque
908 3278 940 3327 sit
957 3278 1020 3341 ignis
1038 3293 1111 3342 eque
1128 3291 1236 3343 pugnu;

733 3367 804 3414 vapor
821 3351 933 3400 humidus
951 3365 1036 3399 omnes
1052 3350 1107 3401 Res
1123 3362 1199 3404 creat,
1215 3356 1238 3396 et

732 3425 821 3472 discors
842 3424 969 3472 concordia
987 3424 1080 3472 fetibus
1103 3434 1161 3488 apte
1178 3421 1237 3477 est.''

732 3497 773 3544 ubi
784 3498 838 3545 vide
848 3509 939 3546 notam.
959 3498 1084 3546 Disccrdes
1093 3497 1207 3546 Heinsius
1215 3496 1237 3542 io

731 3573 835 3618 ‹lissortes
848 3571 935 3618 mutari
947 3569 1052 3620 volebat.
1089 3571 1147 3619 Nou
1162 3585 1239 3617 amen·

732 3642 789 3701 tior3
812 3651 904 3691 veteres
926 3642 990 3691 enim
1013 3642 1044 3691 de
1065 3647 1169 3692 discordi
1189 3660 1240 3691 eos·

732 3719 811 3764 cordia
821 3733 898 3764 rerum
909 3715 1077 3780 disputabant.
1096 3718 1136 3766 De
1149 3728 1241 3781 tongere

731 3788 784 3836 vide
806 3789 836 3837 ad
857 3805 907 3837 ver.
932 3790 991 3837 740.
1039 3792 1078 3837 Aa
1100 3793 1170 3853 quod,
1193 3804 1240 3838 etc.

731 3861 815 3913 Festus
832 3863 904 3909 tradit
921 3876 1010 3926 aquam
1028 3872 1054 3912 et
1071 3865 1154 3928 ignem
1173 3864 1241 3912 inter·

730 3933 777 3983 dici
799 3935 874 3983 solere
899 3935 1031 3992 damnatis,
1055 3937 1167 4001 permitti
1189 3952 1242 3985 vero

731 4010 826 4072 nuptis;
844 4016 861 4036 “
871 4008 986 4058 videlicet
999 4011 1060 4075 quia
1078 4011 1118 4058 bes
1133 4011 1190 4060 duae
1208 4025 1244 4060 ree

730 4079 859 4130 humanato
870 4083 944 4130 vitam
962 4084 1068 4133 maxime
1086 4084 1243 4142 continent;''

730 4154 825 4202 Servius
836 4156 866 4203 ad
880 4155 977 4205 AEneid.
989 4157 1022 4205 vii
1033 4176 1039 4204 ε
1052 4165 1069 4186 “
1079 4159 1122 4207 Ad
1134 4160 1246 4210 iacienda
