2806 5018
358 376 412 441 m
436 374 597 440 ovrnn
621 332 813 442 nsanos
1037 378 1102 443 aar

56 558 121 624 est,
146 558 180 614 et
202 551 336 612 fortasse
359 547 491 611 aliorum
515 548 702 632 populorum
725 570 815 612 sacra
837 549 877 612 ad
901 548 976 612 Sirii
1001 560 1103 614 ortum

56 653 222 716 celebrate
235 652 313 735 (vid.
330 672 403 734 quae
417 673 513 735 supra
528 652 662 732 adduxi)
677 653 708 716 ei
724 661 797 715 ante
814 652 921 715 oculos
937 662 1039 716 erunt.

104 755 149 816 4⁰.
166 776 200 817 v.
213 751 288 816 723.
304 753 349 834 (d.
364 752 407 815 72
422 753 516 832 Mai.)

106 856 216 921 Nocte
239 867 394 938 sequente
420 857 506 919 diem
527 857 613 919 canis
639 856 830 939 Erigoneius
851 857 928 919 exit.
975 856 1106 920 Sinum

60 959 291 1043 interpretibus
305 959 412 1032 facies,
431 958 518 1022 locus
533 971 643 1043 aperte
659 959 757 1022 falsus
773 969 833 1023 est.
879 959 926 1022 Hi
940 959 1025 1022 euim
1039 961 1107 1024 exit

62 1083 218 1156 accepere
242 1083 298 1145 pro
321 1062 437 1135 uritur,
456 1072 492 1125 ut
515 1063 666 1125 similibus
690 1062 766 1124 locis
788 1061 829 1123 vi.
850 1062 925 1124 474.
946 1062 1012 1124 exit
1031 1062 1108 1125 Eois

61 1164 177 1249 nqscis:
204 1164 262 1226 sed
283 1170 371 1226 ortus
393 1163 433 1225 ab
456 1163 515 1227 hoc
538 1162 607 1227 loco
628 1163 836 1226 alienissimus
857 1171 916 1225 est.
962 1161 1003 1226 In
1023 1162 1107 1228 hunc

62 1265 168 1349 ipsum
189 1266 274 1328 diem
294 1265 405 1328 incidit
424 1287 550 1329 cccmus
568 1268 634 1347 ejas
650 1265 786 1329 heliacus
803 1265 900 1328 Taur.
916 1264 982 1328 29³.
1000 1264 1041 1339 2;
1063 1264 1106 1328 cf.

64 1365 149 1431 Plin.
165 1369 253 1432 xviii.
268 1367 311 1430 27
326 1390 350 1431 1.
367 1368 419 1431 67.
437 1378 471 1433 et
490 1369 625 1433 Ptolem.
645 1369 686 1431 ad
704 1368 736 1430 d.
755 1368 808 1431 27.
828 1372 934 1444 προκύων
957 1373 1106 1444 aperueras·

65 1469 232 1547 Quaeritur
244 1471 364 1554 itaque,
379 1491 462 1535 anne
480 1474 583 1536 verius
599 1473 645 1535 ita
658 1470 855 1554 intelligutur
869 1477 975 1554 poeta,
991 1478 1027 1533 ut
1040 1469 1108 1536 exis

63 1572 122 1635 sit:
146 1573 276 1636 decedit
297 1573 338 1635 de
360 1572 437 1636 coeli
455 1575 603 1648 statione,
625 1574 751 1658 aufugit
769 1595 812 1638 ex
835 1581 977 1655 aspectu,
997 1572 1107 1657 itaque

63 1674 191 1748 eccidit,
214 1675 274 1738 etsi
301 1675 394 1738 valde
416 1676 568 1761 ambigue
592 1677 712 1741 dictum
735 1686 796 1750 est,
819 1687 853 1737 et
876 1676 917 1740 de
940 1683 1012 1739 ortu
1033 1674 1109 1739 alibi

64 1777 183 1860 saepius
204 1776 329 1840 dicitnr.
376 1776 416 1841 ln
436 1778 506 1841 loco
525 1787 690 1862 sequente,
710 1800 774 1842 non
796 1799 924 1861 possum
942 1798 961 1839 a
981 1799 1033 1842 me
1052 1777 1109 1842 im·

62 1887 203 1962 petrare,
221 1879 300 1963 quin
315 1880 506 1943 contrarium
522 1879 717 1944 contendere
731 1879 907 1943 maluerim.

105 1982 152 2043 5⁰.
169 1981 213 2044 iii.
228 1980 303 2044 711.
318 1982 363 2064 (d.
379 1982 423 2045 16
439 1981 551 2057 Mart.)

223 2140 343 2201 Postera
358 2163 447 2222 quum
457 2153 570 2202 teneras
583 2130 696 2202 Anteia
709 2141 841 2222 refecerit
854 2141 965 2208 herbas,

262 2235 396 2314 Scorpius
409 2237 527 2315 aprima
541 2247 623 2315 purte
636 2236 777 2296 videndus
791 2236 854 2295 erit.

521 2332 612 2389 nlius:
634 2331 776 2391 notandus
790 2331 854 2390 erit.

109 2479 258 2565 Utraque
278 2480 374 2545 lectio
394 2491 504 2566 aperte
525 2492 627 2545 ortum
651 2482 725 2545 mibi
745 2482 887 2545 indicare
908 2480 1052 2567 videtu(;
1075 2488 1109 2543 et

61 2583 178 2648 dubita
203 2604 242 2647 an
268 2604 287 2646 e
311 2584 416 2648 verbis
439 2584 526 2647 aliud
548 2584 626 2666 quid
649 2582 724 2647 elici
743 2584 853 2667 possit.
900 2582 1109 2649 Indicandum

60 2685 164 2752 fuisse
178 2707 318 2749 cucusum
330 2686 518 2749 matutinum
525 2687 707 2770 primarum
717 2687 890 2759 stellarum,
903 2707 966 2749 non
978 2685 1109 2750 dubium

61 2795 126 2850 est.
171 2787 369 2852 Euctemon:
392 2799 436 2848 τοῦ
457 2794 571 2868 σκορπίον
590 2798 612 2848 al
627 2799 723 2868 πρῶτοι
737 2792 845 2867 ἀστέρες
857 2794 962 2847 δύνουσι.
1006 2786 1051 2850 Et
1065 2788 1111 2851 lia
1180 2777 1182 2780 Ι

64 2888 246 2954 Columella
266 2899 301 2954 et
320 2889 453 2964 Plinius,
472 2890 514 2954 iv.
536 2890 610 2954 163.
632 2890 677 2971 (d.
698 2889 718 2952 1
738 2888 857 2973 April.)
881 2890 976 2952 totius
996 2890 1108 2955 sideris

62 3011 198 3055 occasus
212 2992 385 3056 matutinus
400 2992 560 3075 sequitur:

184 3157 263 3216 Dum
276 3157 383 3235 loquor,
398 3157 480 3217 elutus
492 3156 664 3216 metuendus
678 3156 809 3215 acumine
822 3155 918 3215 cuudae

141 3322 142 3325 Ἰ
223 3250 358 3330 Scorpius
371 3251 402 3309 iu
415 3250 521 3310 virides
535 3251 730 3329 precipitatur
741 3270 835 3328 aquus.

66 3403 193 3469 Eadem
217 3412 324 3466 tumen
343 3402 550 3487 ambiguitate
571 3400 729 3465 winradus
748 3401 812 3464 erit
831 3409 865 3463 et
880 3399 968 3464 Fust.
984 3421 1015 3464 v.
1031 3397 1107 3462 417.

66 3507 110 3570 de
124 3525 235 3569 occasu
249 3504 343 3568 dicit:

225 3663 358 3743 Scorpius
371 3665 402 3721 in
415 3663 496 3732 coelo,
507 3684 596 3743 quum
609 3684 670 3722 cras
683 3664 824 3722 lucescere
838 3661 937 3722 Nonas

174 3806 177 3810 r
262 3758 404 3823 Dicimus,
418 3778 435 3815 a
447 3757 542 3816 medie
554 3768 636 3836 parte
650 3756 792 3816 notandus
804 3757 878 3828 erit;

67 3915 122 3978 nbi
143 3913 220 3978 mibi
239 3934 303 3978 non
326 3915 520 3998 persuadere
542 3937 682 3999 possum,
699 3924 837 4000 poetam,
854 3916 881 3978 si
905 3937 1045 3980 occasum
1058 3916 1110 3985 in·

65 4038 167 4082 nuere
181 4015 328 4091 voluerit,
345 4018 502 4083 notandus
519 4020 583 4081 crit
598 4019 705 4083 dicere
720 4019 872 4103 potuisse.
918 4017 958 4081 In
974 4028 1111 4101 utruque

65 4120 138 4184 locu
154 4127 283 4203 poetam
298 4130 401 4185 ertum
417 4122 477 4184 sibi
490 4122 659 4205 cogitasse,
677 4125 810 4186 credere
825 4121 894 4184 fere
909 4120 1083 4184 maluerim.
