2806 5018
362 350 620 416 FASTORUM
644 349 734 415 LIB.
759 349 821 415 IV.
1035 349 1101 417 221

154 583 157 596 .
173 524 278 597 bovis
295 523 433 596 dantur
450 523 627 618 gravidae:
656 521 799 596 felicior
816 545 937 595 annus

154 639 295 725 'ovenit,
315 649 354 712 et
370 638 531 711 fructum
550 649 649 710 terra
666 660 860 734 pecusque
878 634 1014 710 ferunt.

154 779 164 827 2
182 754 372 852 quondam
392 753 584 849 Cytherea
600 752 700 824 diem
719 751 979 848 properantius
998 752 1051 824 ire

157 870 238 956 ssit,
258 880 297 942 et
314 867 488 940 aetherios
508 868 754 966 praecipitavit
772 891 909 964 equos3

154 986 277 1057 tulum
296 983 440 1081 imperii
460 1008 573 1080 quam
592 985 753 1081 primum
771 984 856 1056 luce
874 981 1049 1079 sequenti

154 1112 277 1197 rgusto
289 1100 418 1197 juveni
438 1125 617 1198 prospera
633 1100 734 1173 bella
747 1100 893 1171 darent.
1025 1101 1100 1170 676

156 1218 237 1312 jam
255 1215 462 1312 praeteritas
481 1227 637 1312 quartus
655 1215 723 1286 tibi
742 1211 890 1286 Lucifer
907 1210 999 1284 Idus

154 1330 300 1428 espicit:
329 1330 399 1402 hac
417 1328 573 1426 Hyades
594 1329 737 1402 Dorida
753 1339 863 1402 nocte
882 1336 1027 1424 petunt.

154 1471 216 1517 rra
237 1457 323 1543 post
341 1443 497 1541 Hyadas
516 1469 633 1541 quum
650 1444 718 1517 lux
736 1444 807 1516 erit
824 1453 905 1515 orta
922 1451 1095 1526 remotas,

154 1585 266 1635 trcere
284 1560 440 1657 partitos
458 1560 580 1633 circus
599 1559 755 1632 habebit
772 1582 903 1654 equos.
1023 1561 1098 1630 680

154 1887 225 1935 -676.
245 1887 288 1935 Die
299 1904 337 1935 xv.
348 1889 445 1949 Aprilis,
460 1888 553 1951 Augus·
602 1887 671 1943 Solis,
680 1889 817 1949 precipitat,
828 1885 963 1934 festinanter
977 1883 1099 1934 decurrere

154 1971 230 2006 erutor
240 1962 322 2007 dictus.
340 1959 377 2007 De
387 1960 471 2023 triplici
482 1975 553 2008 sensu
600 1962 678 2026 jubet,
702 1960 788 2009 Phoebi
815 1969 893 2024 partes
913 1958 959 2007 sibi
984 1958 1098 2007 vindicet.

154 2030 259 2095 minutor
270 2033 323 2081 vide
335 2034 439 2081 Casaub.
450 2033 481 2081 ad
495 2035 553 2081 Sue·
605 2036 857 2097 Pi·aecipitureverbum
865 2035 890 2082 iu
898 2034 944 2082 hac
953 2049 976 2082 re
984 2034 1098 2091 solemne,

162 2106 252 2155 Cesar.
279 2108 318 2155 76.
344 2107 383 2154 Ob
401 2123 438 2154 res
454 2106 554 2154 feliciter
603 2107 709 2172 inprimis
728 2116 806 2167 tamen
825 2105 855 2154 de
871 2122 966 2163 occasu,
982 2107 1022 2155 ubi
1036 2122 1098 2171 prte-

154 2196 323 2245 numerumque
342 2179 443 2227 hostium
465 2180 553 2228 occiso·
604 2198 661 2246 cepe
675 2181 736 2230 Solis
746 2182 798 2239 νίας
816 2181 918 2228 Metam.
931 2180 963 2227 iv.
974 2182 1016 2229 91.
1026 2187 1044 2208 ⁴⁴
1054 2180 1097 2229 lux

154 2270 188 2316 ige
213 2253 335 2301 definitum
368 2254 489 2315 Augustus
516 2269 552 2300 se·
604 2255 670 2303 tarde
703 2255 816 2304 decedere
848 2253 907 2310 visa,
934 2255 1100 2319 Precipitatur

157 2327 229 2376 vicies
248 2343 263 2374 a
279 2328 365 2375 victore
383 2327 487 2374 exercitu
504 2327 552 2373 Im·
604 2328 697 2391 aquis.”
714 2329 774 2376 AEu.
786 2326 812 2374 ii.
823 2329 857 2375 9:
876 2326 954 2374 “Nox
965 2328 1029 2376 coelo
1039 2343 1099 2392 prt-

162 2401 278 2448 salutatus
288 2409 322 2449 est
335 2419 341 2450 ι
359 2401 462 2454 Tacitus,
475 2400 524 2447 An.
536 2400 552 2447 i.
602 2400 713 2466 cipitat.''
748 2402 867 2450 Ceterum
876 2400 951 2448 simile
962 2401 1099 2465 figmentum

173 2474 254 2522 Julius
274 2475 354 2523 Cesar
374 2473 462 2537 primus
482 2472 553 2536 caepit
603 2475 717 2524 habemus
727 2492 751 2522 v.
762 2477 818 2524 5⁴5.
851 2476 909 2523 Mox
923 2475 1058 2525 Burmunuo
1068 2492 1099 2525 ex

154 2562 217 2600 men,
238 2557 264 2594 ut
290 2561 432 2610 prenomen,
453 2546 486 2594 ita
507 2546 552 2593 sibi
602 2551 1098 2610 unoPatavnimtumtmpertt,mmmm,

154 2635 172 2676 e,
183 2629 209 2669 ut
222 2620 338 2674 eamdem,
350 2635 421 2683 quarn
433 2618 551 2684 αὐτοκρά·
602 2623 690 2687 placet.
724 2623 800 2671 immo
814 2640 880 2686 quum
894 2624 993 2684 primum
1011 2624 1099 2688 optime

154 2693 238 2757 κύριος,
249 2694 295 2741 viru
307 2694 411 2749 haberet,
422 2709 551 2740 summum·
602 2698 712 2745 convenit
725 2696 849 2761 cupiditati
862 2695 969 2745 Veneris.
1001 2697 1098 2747 Juoeui.

155 2767 244 2832 perium
262 2767 395 2825 indicaret,
417 2767 474 2821 Dio.
493 2766 551 2814 xliii.
603 2772 680 2818 Natus
689 2780 738 2817 tum
749 2779 800 2817 erat
809 2784 881 2817 annos
893 2769 989 2832 triginta
999 2779 1054 2818 tres.

154 2841 269 2889 ucetiam
281 2843 404 2903 Augustus
415 2856 469 2887 aun.
481 2842 511 2888 U.
522 2842 551 2889 C.
634 2846 689 2892 677.
706 2845 751 2892 Die
765 2843 822 2892 xvii.
833 2845 928 2903 Aprilis,
941 2842 991 2891 eive
1005 2848 1042 2893 die
1056 2861 1098 2893 xv.

154 2930 196 2962 ,um
208 2931 237 2961 ex
249 2915 355 2977 AEgypto
366 2912 478 2967 rediisset,
490 2913 551 2959 idem
601 2919 703 2967 Kalend.
718 2920 777 2966 Maii
787 2918 881 2980 Hyades
890 2920 1013 2975 occiduum
1031 2918 1064 2967 sic
1074 2927 1101 2967 et

154 3003 191 3037 ren
206 2987 288 3035 eodem
304 3003 374 3034 sensu
388 2986 505 3041 assumsit,
517 2996 551 3033 at·
603 2992 683 3040 Caesar
703 2991 785 3041 Germ.
808 2989 871 3054 apud
892 2989 954 3038 Plin.
975 2991 1039 3038 xviii.
1060 2993 1101 3040 26.

154 3059 310 3124 eimperiisui
319 3076 392 3107 anuos
402 3059 533 3106 numeravit
544 3076 550 3117 3
604 3067 682 3120 Doris,
695 3065 744 3113 filia
754 3064 853 3117 Oceani,
864 3063 949 3126 conjux
960 3063 1041 3119 Nerei,
1049 3079 1099 3111 ma·

154 3135 261 3193 ‚dlextu
277 3132 552 3196 lnhonorislaetititeque
603 3149 639 3186 ter
657 3136 829 3201 quinquaginta
849 3134 1024 3198 Nympharum
1049 3135 1100 3183 He.

154 3207 277 3256 teutatem
301 3208 411 3269 Cytherea
429 3206 452 3252 in
472 3207 553 3270 primis
601 3210 832 3273 siod.Thcog.240:
845 3221 907 3254 nunc
917 3223 959 3271 pro
970 3204 1021 3271 ipso
1031 3208 1100 3265 mari,

162 3281 273 3337 debebat,
294 3296 309 3328 a
335 3296 382 3344 qua
408 3295 466 3342 gens
488 3279 554 3328 Julia
603 3293 629 3331 ut
641 3284 723 3345 Thetys
733 3282 798 3330 alibi.

154 3353 248 3403 lucebat
263 3355 348 3417 (supra
364 3369 411 3400 ver.
424 3353 479 3414 20.)
495 3369 553 3416 qua·
635 3357 773 3404 otu-712.
786 3355 832 3402 Die
842 3353 890 3401 xix.
898 3355 975 3415 April.
986 3356 1064 3414 milpet
1073 3355 1099 3401 ia

164 3436 189 3476 et
204 3427 266 3491 apud
278 3427 412 3491 Virgilium,
430 3427 517 3490 Georg.
535 3426 552 3473 i.
605 3431 749 3479 Circeneibut
773 3430 953 3484 comburentem
976 3427 1045 3491 cujus
1065 3426 1098 3475 rei

154 3501 200 3550 lem
220 3502 321 3564 Augusti
339 3501 427 3548 coelum
446 3499 554 3547 intrantis
603 3520 698 3552 cauum
720 3504 751 3551 ab
772 3501 862 3566 hospite
884 3500 1002 3565 cogq'tam
1030 3509 1100 3566 poete

154 3584 261 3639 imyrto
282 3574 363 3638 cingit.
397 3573 445 3631 Qui
467 3573 553 3637 cupide
604 3587 690 3626 narrat.
725 3572 964 3639 ωορκ-φυκία
978 3574 1041 3623 circo
1056 3574 1099 3624 de-

154 3648 182 3698 da
197 3649 254 3696 laetn
269 3655 399 3712 exspectet,
410 3647 432 3695 θὶ
446 3646 497 3694 dits
511 3662 552 3694 ³11·
603 3659 700 3699 currunt
710 3649 774 3714 equi,
786 3658 857 3697 autea
866 3647 991 3696 duodecim
1001 3650 1100 3696 carceri-

154 3739 169 3771 s
202 3722 268 3770 tarde
303 3720 417 3768 decedere
454 3719 552 3767 videtur·
602 3723 758 3773 brudisteuti.
794 3724 900 3771 Partitus
916 3721 1009 3787 passivo
1021 3738 1099 3771 uentu.

154 3811 175 3843 m
189 3795 260 3858 igitur
275 3810 376 3848 tensum,
398 3803 424 3841 ut
442 3792 552 3840 transitus
602 3798 770 3861 intelliguntur
780 3807 859 3846 autem
868 3796 993 3845 Circenses
1006 3797 1100 3846 Cereris

154 3869 234 3918 uentis
256 3868 390 3932 ingeniosus
412 3876 482 3922 esset,
508 3882 551 3914 nec
602 3871 677 3936 pridie
697 3871 763 3927 Idm,
785 3887 832 3918 ver.
852 3872 909 3918 390.
929 3869 1003 3933 coepti
1024 3877 1048 3917 et
1068 3868 1098 3917 ad

154 3962 168 4000 t,
184 3955 254 4011 poeta
270 3945 355 3994 Veneri
374 3943 474 4001 tribuit;
498 3958 551 4006 que
603 3942 1099 4009 huncusquediemcontinuati,quodetiam

154 4034 191 4068 em
206 4019 273 4066 illum
286 4020 445 4080 properantius
458 4019 493 4063 ire
506 4031 552 4063 uon
602 4018 749 4068 Kalendaria
770 4018 864 4066 docent.
904 4017 986 4070 Mitte,
1008 4016 1099 4064 emisso

154 4093 209 4157 npit,
219 4092 271 4147 sed,
285 4102 311 4138 ut
323 4092 385 4147 Dea,
396 4090 467 4138 etiam
475 4091 552 4152 jubet.
602 4091 627 4138 in
643 4093 742 4141 circum.
771 4091 841 4139 Ferre
857 4101 939 4154 terga,-
957 4088 1011 4137 vide
1028 4088 1059 4136 ad
1074 4088 1099 4136 ii.

159 4173 238 4214 autem
265 4166 365 4225 aetheripi
389 4181 462 4226 cortus,
480 4178 553 4226 equos
602 4166 659 4214 28⁴.
