2806 5018
299 350 345 415 76
536 290 543 316 1
595 348 633 412 P.
662 345 824 411 OVIDII
848 345 1060 412 NASONIS

301 522 428 594 Aurea
445 520 637 618 pellebant
654 519 804 617 rapidos
822 519 1042 592 umbracula
1059 519 1180 607 soles;

354 635 449 720 Quae
467 645 594 707 tamen
614 633 813 708 Herculeae
832 634 1044 707 sustinuere
1062 656 1211 705 manus,

301 749 325 822 J
328 774 465 848 amque
484 776 616 824 nemus
636 751 792 836 Bacchi,
812 749 935 822 Tmoli
954 750 1090 833 vineta,
1110 748 1288 836 tenebat;

352 865 548 965 Hesperus
567 878 606 942 et
623 867 729 939 fusco
747 865 917 938 roscidus
936 865 1014 937 ibat
1032 887 1144 960 equo.

303 978 424 1054 Antra
441 982 554 1068 subit,
573 981 698 1078 tophis
715 980 968 1076 laqueataque
987 978 1136 1076 pumice
1151 978 1257 1050 vivo:
1279 979 1347 1050 315

356 1095 539 1169 Garrulus
557 1097 595 1168 in
613 1096 733 1193 primo
751 1094 881 1166 limine
899 1094 997 1166 rivus
1016 1103 1109 1167 erat.

306 1210 485 1309 Dumque
503 1222 637 1310 parant
654 1211 785 1308 epulas
803 1209 1045 1307 potandaque
1063 1209 1149 1280 vina
1166 1207 1337 1293 ministri,

356 1326 533 1399 Cultibus
552 1326 713 1398 Alciden
733 1324 884 1397 instruit
902 1324 964 1396 illa
982 1323 1072 1396 suis.

307 1439 385 1513 Dat
401 1451 534 1513 tenues
553 1441 712 1525 tunicas
733 1440 883 1512 Gaetulo
901 1439 1042 1513 murice
1058 1439 1222 1510 tinctas:

356 1553 433 1627 Dat
450 1564 607 1628 teretem
626 1576 771 1638 zonam,
791 1577 868 1649 qua
886 1554 997 1626 modo
1014 1552 1139 1625 cincta
1155 1551 1241 1624 luit.
1278 1555 1347 1622 320

306 1667 447 1742 Ventre
466 1670 586 1742 minor
603 1693 698 1742 zona
715 1678 794 1741 est:
825 1670 1035 1741 tunicarum
1052 1668 1177 1740 vincla
1195 1666 1347 1747 relaxat,

358 1783 412 1857 Ut
429 1786 551 1882 possit
567 1795 689 1858 vastas
709 1785 921 1858 exseruisse
938 1807 1093 1856 manus:

337 1995 394 2042 311.
413 1996 441 2043 In
453 1994 614 2045 instrumentis
626 1997 724 2046 luxuria
735 2004 803 2047 eram

304 2069 454 2117 umbraculo:
471 2067 576 2127 σκιάδια,
589 2070 643 2119 vela
656 2086 712 2119 auro
729 2079 802 2126 texta,

304 2140 391 2202 quibus
408 2157 453 2205 ope
470 2143 587 2205 virgarum
604 2143 714 2200 obtentis,
732 2151 804 2191 estus

304 2213 361 2260 solis
376 2215 508 2262 arcebatur.
541 2215 596 2262 Art.
607 2214 690 2263 Amat.
702 2215 728 2263 li.
740 2217 802 2264 209:

307 2291 325 2311 ‘⁴
337 2285 392 2348 Ipse
409 2295 463 2333 tene
480 2286 584 2334 distenta
600 2287 649 2334 suis
666 2288 805 2336 umbracula

306 2358 403 2421 virgis,’'
420 2359 476 2422 quia
493 2361 640 2424 plerumque,
660 2370 685 2408 ut
699 2363 804 2422 flabello,

306 2431 337 2478 ab
350 2432 465 2480 eunuchis
480 2442 522 2481 aut
536 2434 630 2481 famulis
640 2436 803 2498 gestabantur.

306 2503 436 2552 Claudian.
447 2505 514 2553 xviii.
524 2508 582 2554 464.
600 2508 666 2555 Olim
676 2508 738 2556 male
748 2509 803 2557 ede·

305 2577 376 2625 batur
394 2581 478 2640 tepidos
498 2582 559 2628 soles.
598 2581 686 2629 Contra
709 2592 805 2643 teporem

305 2666 353 2699 non
369 2667 427 2716 opus
444 2662 479 2700 est
496 2654 652 2703 umbraculis.
688 2656 719 2703 Et
732 2656 805 2704 Clau-

305 2723 370 2772 dian.
388 2723 438 2772 viii.
455 2726 512 2774 340.
529 2726 569 2774 ubi
586 2738 690 2776 nostrum
707 2728 752 2778 loc.
770 2744 805 2776 re-

305 2796 392 2862 spexit,
401 2805 419 2826 “
428 2814 475 2846 neu
483 2799 607 2848 defensura
616 2802 717 2849 calorem
726 2802 807 2850 Aurea

305 2873 807 2938 summoveantrapidosumbraculasoles.”

306 2946 338 2993 Et
352 2949 447 3008 rupidus
462 2947 497 2994 sol
512 2963 576 3012 saepe
592 2947 686 3011 legitur,
697 2949 754 3012 quia
768 2966 806 2995 ro·

303 3022 373 3082 pinus
383 3020 504 3086 epitheton
514 3020 585 3085 ignis.

337 3097 396 3143 313.
416 3095 488 3144 Tmoli
505 3099 590 3153 vineto,
601 3111 654 3160 quar
667 3095 739 3144 etiarn
750 3096 805 3143 Me·

306 3171 406 3218 tamiri.
420 3171 459 3218 15.
470 3179 638 3225 memorantur,
650 3179 674 3217 et
691 3169 748 3218 satis
765 3185 804 3217 ce·

306 3242 399 3291 lebrata
415 3253 491 3300 erant,
501 3245 563 3292 bene
575 3261 653 3291 nemra
668 3244 752 3291 Bocchi
766 3242 803 3290 di-

305 3324 392 3364 cuntur
402 3332 443 3381 per
454 3318 636 3382 appositionem.
667 3318 745 3380 Εφιιιε
755 3316 802 3365 sin·

306 3389 395 3452 gulsris
411 3389 498 3451 (rarius
515 3406 603 3445 eunus,
620 3391 669 3438 vid.
685 3391 805 3454 Heyninm

306 3461 337 3507 ad
354 3459 435 3509 Tibul.
452 3460 473 3509 1.
485 3461 518 3508 ix.
530 3463 583 3521 62.)
601 3461 711 3518 dabatur,
721 3463 806 3525 friscus

306 3533 422 3597 Hespero,
433 3533 550 3582 candidus
560 3536 679 3583 Lucifero.

338 3608 396 3655 315.
412 3609 514 3654 Antrum
524 3608 593 3662 illud,
605 3617 631 3655 ut
645 3625 658 3655 e
672 3625 725 3674 sqq.
734 3626 806 3674 appa·

305 3686 351 3732 ret,
360 3677 417 3726 satis
426 3677 566 3727 instructum
574 3689 624 3727 erat
633 3682 729 3738 mensis,
741 3683 805 3735 toris.

305 3759 352 3800 etc.
387 3751 470 3813 Tcpbor
486 3761 509 3800 et
523 3756 636 3814 pumicem
653 3755 725 3802 antris
741 3772 804 3820 saepe

306 3823 365 3873 dant
381 3833 464 3889 poetae.
498 3825 560 3874 Vide
577 3826 607 3874 ad
624 3829 687 3875 Met.
706 3828 738 3877 iii.
751 3831 805 3878 159.

854 1993 983 2048 bominum,
1004 2007 1057 2056 quen
1079 2006 1095 2039 a
1115 1989 1188 2037 variis
1210 1987 1350 2037 ornamentis

853 2068 901 2117 suis
910 2070 1030 2115 tocirnmio
1039 2075 1064 2114 et
1072 2066 1191 2128 laquearia
1200 2061 1276 2111 dicta.
1294 2061 1349 2108 Gor·

854 2144 920 2190 ratus
933 2142 995 2190 bene
1009 2140 1039 2189 de
1055 2138 1104 2187 rivo
1119 2137 1283 2187 indesinenter
1297 2144 1349 2183 stre·

871 2224 936 2263 ente.

855 2233 870 2280 p
886 2287 943 2336 319.
962 2286 1073 2334 Tantalum
1087 2283 1188 2333 vestium
1205 2281 1296 2346 duplex
1311 2295 1348 2344 ge·

855 2377 899 2410 uus
909 2360 972 2425 apud
984 2368 1041 2408 vett.
1048 2373 1149 2423 quorum
1161 2371 1236 2405 unum
1246 2372 1276 2404 ex
1287 2357 1350 2404 arbo·

855 2451 906 2482 rum
917 2432 1071 2498 quarumdam
1087 2430 1151 2495 apud
1163 2431 1234 2478 Seres
1244 2429 1350 2491 lanugine

855 2508 989 2556 texebatur:
1009 2521 1062 2568 qure
1073 2507 1156 2553 Serum
1167 2511 1235 2552 texta
1248 2502 1351 2551 densiora

855 2580 970 2628 Romanae
984 2579 1093 2627 mulieres
1106 2577 1186 2626 soluta
1199 2576 1278 2624 denuo
1290 2585 1350 2623 tere·

855 2656 926 2703 bant:
953 2653 1052 2701 altemm
1073 2650 1244 2715 bombycinum
1263 2659 1351 2703 erate

856 2727 969 2775 vermium
986 2726 1031 2774 tilis
1048 2732 1155 2781 textum3
1174 2722 1277 2779 Plinius,
1291 2722 1351 2770 Hist.

856 2800 913 2849 Nat.
931 2800 964 2849 vi.
984 2801 1031 2859 203
1055 2798 1086 2847 xi.
1105 2799 1145 2846 26.
1179 2798 1209 2845 In
1231 2797 1269 2844 bis
1288 2804 1352 2845 erant

855 2883 931 2923 vestes
950 2876 1006 2928 Coc,
1018 2888 1078 2937 quas
1092 2870 1211 2927 Tibullus,
1223 2871 1258 2918 11.
1269 2870 1302 2918 iii.
1312 2870 1351 2918 53.

855 2947 890 2995 ita
910 2946 1036 2996 describit:
1059 2952 1162 2994 “vestes
1182 2951 1274 3000 tennes,
1294 2958 1352 3007 quas

855 3021 944 3069 femina
954 3022 1005 3070 Coa
1014 3019 1109 3075 Texuit,
1120 3025 1216 3066 aurata
1228 3017 1352 3082 disposuit·

855 3110 902 3159 que
924 3095 1000 3151 vias,”
1017 3094 1042 3143 id
1064 3103 1101 3142 est
1119 3089 1255 3141 subtemine
1275 3106 1352 3140 aureo.

855 3169 914 3216 Tale
925 3169 1049 3216 subtemen
1063 3168 1135 3216 etiarn
1145 3166 1273 3231 Omphala·
1284 3165 1352 3213 vestis

855 3241 966 3290 babuisse
977 3257 990 3289 e
1001 3257 1069 3289 versu
1081 3241 1136 3288 310.
1148 3239 1252 3289 videtur.
1268 3239 1352 3303 ltaque

855 3316 957 3364 stamina
973 3324 1064 3364 tantum
1079 3323 1147 3363 erant
1161 3314 1254 3362 Goetuto
1268 3316 1353 3361 narica

856 3394 945 3447 tincto5
968 3405 1021 3454 qne
1039 3390 1111 3438 verba
1128 3389 1201 3437 etiam
1220 3389 1304 3436 Horat.
1320 3387 1353 3434 11.

856 3464 901 3526 Ep.
912 3464 936 3511 ii.
952 3464 1006 3511 137.
1020 3464 1137 3527 leguntur.
1173 3463 1285 3517 Getullu,
1302 3478 1354 3526 pars

855 3539 944 3587 Africae
959 3538 1073 3587 interioris
1084 3553 1148 3602 crepe
1159 3553 1202 3600 pro
1215 3545 1265 3586 tota
1275 3537 1354 3584 Africa

856 3612 966 3677 ponitur;
985 3611 1085 3666 Plinius,
1096 3610 1146 3659 viii.
1158 3613 1196 3659 16.
1231 3613 1300 3659 Zonis
1310 3626 1353 3658 non

855 3686 910 3734 solae
932 3686 1044 3748 virgines,
1065 3685 1107 3732 sed
1133 3693 1159 3734 et
1183 3695 1264 3750 nuptas
1289 3693 1355 3734 erant

855 3760 948 3807 cinctu.
985 3759 1075 3814 Vincta,
1086 3759 1166 3822 laquei
1183 3759 1216 3807 ad
1231 3759 1354 3812 foramina,

854 3848 896 3896 per
904 3848 958 3896 quie
969 3847 1054 3880 manns
1063 3833 1241 3881 exserebantur.
1274 3831 1355 3880 Infini-

306 3898 425 3959 Loqueoto
446 3899 521 3961 (Met.
537 3898 586 3946 vili.
604 3901 660 3948 563.
682 3902 805 3961 lacunato)
854 3904 917 3952 tirus
932 3908 1059 3961 exseruisse,
1076 3914 1103 3952 ut
1120 3904 1184 3969 apud
1202 3905 1261 3954 Hor.
1280 3907 1313 3955 Λ.
1327 3906 1355 3953 P.

307 3971 392 4018 melius
418 3987 499 4034 quam,
526 3972 609 4020 induta
639 3985 680 4022 aut
707 3984 805 4024 structa.

306 4046 388 4093 Sumta
407 4046 470 4094 enim
487 4056 540 4095 suut
558 4062 572 4094 a
589 4048 657 4096 tectis
674 4050 803 4097 beatiorum

855 3979 911 4026 ³28.
920 3989 1008 4039 poteras
1015 3982 1103 4027 elisisse.
1120 3981 1158 4027 Ad
1168 3980 1356 4043 brioebiosoctos,

855 4060 923 4115 aptas
933 4051 1043 4100 brachiis.
