2806 5018
175 380 241 447 ³74
570 374 829 442 EXCURSUS

176 551 405 638 conjecerat,
432 559 614 614 caruerunt.
658 548 792 614 Joauuis
815 549 988 615 morentii
1012 546 1218 633 Philadelphi

176 654 262 719 ensis
282 653 369 740 Lydi
390 653 440 715 aio
463 652 650 735 opusculum
665 651 818 716 Graeoum
839 652 881 716 de
902 651 1083 726 mensibus,
1106 652 1218 736 quode

176 757 301 822 duobus
316 756 409 819 codd.
428 754 597 817 Barberin.
612 765 646 818 et
661 753 767 818 Vatic.
783 764 855 837 post
868 754 1037 838 specimen
1053 754 1218 820 exhibitos

174 861 208 923 in
232 856 423 922 Bibliotltek.
446 856 478 919 d.
504 857 692 920 moeretur
711 879 744 919 u.
769 857 891 921 Kunst.
912 855 1033 932 Sruck,
1054 858 1090 921 7.
1115 856 1219 940 lipsio

174 961 280 1025 edidit
296 959 372 1023 Nic.
388 957 937 1041 sorrow,prof.Hauniensis.1794.
960 957 1077 1038 Quam
1094 959 1218 1023 maxim

176 1064 314 1148 gaudeo,
332 1062 399 1146 jam
424 1061 547 1144 pridem
569 1060 725 1124 Ienzium
741 1061 784 1125 V.
801 1059 841 1125 C.
861 1062 893 1124 in
911 1060 994 1124 libro
1017 1059 1219 1135 laudarent

176 1166 219 1229 ad
245 1165 408 1248 specimen
433 1163 524 1237 illud,
548 1164 635 1246 quod
662 1164 703 1226 ad
730 1163 789 1226 hoc
817 1172 1046 1248 argumentum
1075 1162 1220 1228 accedere

175 1267 318 1339 videbat,
331 1269 470 1330 animum
486 1265 662 1328 attendisse
677 1265 812 1350 ejusque
828 1264 898 1329 loca
910 1286 986 1328 cnm
1005 1265 1136 1331 Ouidio
1150 1284 1219 1330 co}

174 1390 325 1454 parasse3
340 1369 445 1453 bujus
466 1379 573 1433 autem
594 1369 657 1432 loci
679 1369 878 1453 potissimum
901 1389 974 1432 esse
998 1369 1132 1452 putari,
1156 1388 1220 1454 quo

174 1473 269 1536 modo
285 1472 343 1535 hoc
355 1473 510 1555 scriptore
524 1472 556 1535 in
569 1471 690 1536 Ovidio
702 1471 856 1535 utendum
871 1471 923 1544 sit,
932 1471 1051 1554 paucis
1066 1472 1221 1536 adnotare-

175 1574 334 1658 Gongerit
346 1573 395 1637 hic
412 1574 512 1638 seculi
526 1575 611 1638 sexti
626 1575 813 1659 compilator
823 1573 1009 1638 adversaria
1021 1583 1084 1639 sua
1096 1595 1117 1638 a
1128 1572 1222 1638 malit

175 1677 382 1758 scriptoribus
397 1687 493 1739 antea
507 1677 576 1740 sere
591 1677 718 1761 ignotis,
734 1683 778 1747 ot,
795 1685 832 1739 ut
847 1676 948 1739 multa
961 1675 1086 1740 frivola
1099 1694 1221 1760 prtem·

176 1779 233 1842 tim
256 1779 324 1842 siue
348 1780 434 1842 omni
450 1780 562 1843 ordine
580 1800 654 1842 eum
676 1779 828 1844 exhibere
848 1799 942 1843 nemo
962 1777 1093 1844 inficias
1109 1776 1221 1854 estiis

175 1882 293 1965 passim
317 1882 387 1945 loca
407 1882 466 1945 hoe
486 1890 710 1967 argumentum
730 1881 882 1966 preclare
905 1880 1105 1946 illustrantia
1125 1881 1157 1945 ei
1175 1878 1223 1944 do

176 1983 246 2048 beri
263 1985 505 2048 concedendum
527 1993 586 2046 est.
632 1982 681 2047 Ut
699 1984 769 2046 fieri
790 1982 871 2048 solet
893 1983 926 2048 in
948 1983 1116 2068 ejusmodi
1137 1980 1221 2046 boni·

176 2087 280 2162 nibus,
299 2109 350 2161 ea,
367 2109 439 2170 quae
464 2087 604 2170 ipsorum
626 2094 712 2161 suut,
729 2085 917 2170 plerumque
937 2086 1075 2170 quidem
1095 2106 1179 2150 rana
1194 2090 1222 2147 el

175 2188 285 2274 inepta
305 2190 518 2274 reperiuntur,
534 2189 592 2252 sed
614 2197 781 2253 servarunt
802 2190 893 2252 uobis
915 2188 1115 2272 optimorum
1137 2187 1223 2253 ean
1263 2215 1265 2226 ·

176 2293 377 2375 scriptorum,
394 2313 473 2376 quos
497 2302 573 2354 tnnc
598 2292 749 2375 temporis
772 2292 916 2355 manibus
939 2290 1045 2355 adbuc
1069 2290 1221 2362 remant

176 2397 351 2458 sententias
372 2404 407 2457 et
421 2395 512 2469 loca,
531 2405 567 2457 ut
587 2405 624 2457 ut
644 2394 804 2457 interdum
826 2393 960 2456 confusa
980 2401 1017 2457 et
1039 2391 1224 2467 turbemin

176 2496 292 2580 quibus
312 2499 524 2580 expediendis
545 2498 628 2561 haud
648 2518 719 2560 raro
740 2505 881 2560 nostrum
902 2517 1041 2559 acumen
1059 2501 1223 2559 exercent

178 2597 215 2661 ln
232 2597 290 2661 boc
307 2608 424 2672 nostro,
443 2607 479 2662 ut
494 2599 526 2661 in
542 2620 606 2682 quo
623 2599 695 2673 alio,
713 2608 807 2663 caute
823 2599 1018 2662 versandum
1038 2596 1117 2671 erit,
1132 2612 1223 2680 quun

178 2699 261 2762 baud
282 2701 376 2764 facile
397 2701 509 2783 aliquis
533 2709 651 2776 exstet,
668 2702 723 2784 qui
745 2721 796 2764 res
820 2701 957 2764 maxime
980 2699 1106 2762 alienas
1129 2695 1223 2780 magis

177 2803 320 2878 misceat,
343 2815 377 2868 et
398 2826 609 2888 quaecumque
632 2805 663 2867 ei
684 2804 767 2867 forte
791 2784 1030 2875 succurrebant,
1047 2801 1120 2864 sine
1140 2808 1223 2863 certa

177 2906 299 2969 ratione
323 2921 356 2969 et
378 2909 508 2971 consilio
525 2909 651 2992 jungat,
668 2909 714 2971 ita
735 2917 770 2968 ut
790 2914 875 2969 totus
894 2904 972 2968 liber
987 2904 1099 2987 potius
1118 2903 1222 2966 adver·

178 3009 330 3073 sariorum
361 3011 502 3093 undique
532 3031 739 3083 corraeorum,
768 3007 938 3092 aliqnando
964 3008 1220 3090 digerendomn,

178 3133 272 3194 quam
291 3112 371 3196 justi
395 3113 492 3174 libelli
517 3112 657 3194 speciem
682 3134 748 3195 prae
774 3132 808 3174 se
835 3113 919 3174 serre
945 3109 1023 3172 mibi
1047 3109 1221 3172 rideatur⁰.

177 3213 323 3278 Maxima
348 3215 418 3298 ejus
445 3216 610 3278 commoda
635 3216 762 3278 omniuo
792 3215 971 3278 redundant
997 3213 1038 3274 ad
1066 3211 1218 3276 historiam

176 3314 331 3379 festorum
352 3320 575 3390 recentiorum,
592 3339 664 3400 quae
685 3317 754 3380 fere
775 3318 814 3380 ad
838 3318 907 3401 ejus
926 3326 1072 3397 tempora
1090 3313 1219 3397 pertine

177 3419 263 3493 bant,
281 3420 334 3482 ubi
356 3420 498 3503 inprimis
515 3420 713 3484 Kalendario
729 3419 931 3484 Constantini
954 3420 985 3480 in
1010 3418 1120 3480 multis
1141 3415 1215 3479 illus

177 3522 291 3582 trando
303 3521 444 3598 inservit,
455 3545 486 3585 v.
500 3544 526 3585 c.
544 3545 575 3605 p.
585 3522 638 3585 62.
653 3523 849 3585 devotorum
861 3520 1117 3603 nuncupatione3
1133 3540 1161 3601 p.
1170 3515 1213 3578 80.
1263 3513 1265 3572 ἰ

177 3620 219 3682 de
236 3622 484 3696 Mamuralibus;
507 3625 560 3686 84.
579 3624 727 3698 Pelusiis‚
744 3623 920 3695 Hilaribus,
938 3631 1002 3685 etc.

208 3848 220 3872 ⁰
235 3842 358 3907 Siquidem
369 3846 402 3892 V.
414 3846 442 3893 C.
456 3862 535 3894 mense
548 3847 672 3903 anuario,
719 3846 769 3912 jani
782 3863 867 3910 genere
882 3857 905 3895 et
922 3848 992 3897 rebus
1005 3848 1081 3912 gestis
1097 3846 1209 3914 exponit-

176 3931 230 3980 cap.
241 3918 264 3964 6.
281 3932 295 3964 a
312 3918 427 3981 magnetis
443 3930 468 3967 et
482 3920 568 3984 piperis
584 3920 673 3969 arboris
723 3931 747 3970 et
769 3938 824 3969 curn
845 3921 922 3969 Esaiae
945 3921 1024 3987 capite
1044 3923 1062 3970 i.
1081 3939 1130 3971 ver.
1147 3922 1208 3981 llsq·

175 3999 268 4047 natura,
282 3991 312 4038 cd
329 4001 392 4039 ortus
409 4003 432 4041 et
449 4010 545 4042 occasus
562 4012 673 4059 quorum·
723 3996 897 4044 commentariis
907 3996 956 4055 suis
966 3997 990 4043 iu
1002 3997 1143 4045 Jauuariuru
1154 3997 1208 4043 fines

176 4064 231 4113 dam
243 4066 353 4120 siderum.
366 4078 389 4115 et
401 4084 454 4132 cup.
467 4069 491 4116 7.
508 4079 561 4134 post
571 4072 673 4119 Junonis
724 4069 829 4134 imponit.
848 4071 944 4126 Omnia,
954 4081 977 4118 ul
988 4080 1053 4119 certe
1062 4070 1160 4123 videtur,
1170 4067 1208 4116 sine

176 4139 325 4203 allegoricam
341 4140 554 4206 interpretationem
570 4143 600 4191 de
615 4144 671 4191 Tra·
724 4160 796 4193 causa
806 4161 820 4192 e
831 4145 863 4193 rei
874 4153 958 4193 ustura
968 4144 1059 4194 oblata.
