2806 5018
375 373 429 438 IN
454 373 615 439 OVlDlI
640 373 827 438 FASTOS.
1058 374 1124 439 loa

72 570 93 601 α
116 542 218 627 long.)
234 545 484 625 transibo—pta,
504 544 689 624 oapi—alibi
706 545 926 627 productiores
945 546 1054 608 formae
1074 545 1121 608 in·

70 654 171 711 trans.
186 643 253 705 ἆσαι
269 648 396 721 satiare,
414 653 510 718 ὰδῆσαι
526 648 675 710 satiatum
690 669 771 710 esse.
789 656 852 710 etc.
867 658 930 710 etc.

111 749 158 812 3⁰.
178 749 205 811 l.
227 749 302 812 525.
324 751 378 813 ubi
399 749 572 814 Carmenta
594 749 724 812 fatidica
748 751 788 813 de
813 748 928 822 Roma,
951 771 993 813 ex
1015 750 1121 834 Trojoe

67 871 193 914 eversae
209 851 317 914 cinere
332 851 533 934 splendidius
548 860 777 922 resurrectura,
795 851 973 913 exclamat:

227 1018 312 1076 Urite
325 1002 457 1076 victrices
472 1017 625 1094 Neptunia
639 1017 780 1095 Pergama
794 1017 933 1086 flammae;

262 1100 347 1168 Num
361 1111 457 1168 minus
470 1111 517 1168 hic
530 1122 591 1168 toto
604 1122 648 1169 est
663 1110 747 1168 altior
760 1113 827 1168 orbe
841 1111 936 1169 cinis?

67 1259 224 1343 explicari
247 1269 280 1323 et
298 1260 391 1345 jungi
413 1261 525 1323 video:
549 1283 624 1323 nam
649 1260 699 1322 liic
722 1262 812 1333 cinis,
832 1261 864 1323 id
889 1269 949 1334 est,
971 1261 1069 1344 Troja
1089 1262 1120 1324 in

66 1362 192 1426 cineres
208 1364 350 1435 redacta,
365 1364 463 1426 altior
480 1372 546 1426 toto
560 1363 633 1426 orbe
650 1363 751 1425 minas
766 1364 843 1446 qoid
859 1372 919 1435 est,
934 1384 1028 1446 quam
1045 1371 1120 1428 ante

66 1463 166 1545 Troja
180 1472 259 1536 erat,
270 1463 384 1546 igitur:
402 1486 442 1526 an
452 1464 549 1546 Troja
564 1464 712 1526 incendio
725 1465 891 1526 imminuta
904 1465 974 1527 estl
1000 1464 1118 1528 Nonne

66 1565 111 1627 ita
128 1585 241 1627 sensas
256 1566 479 1646 expediendus
499 1565 570 1628 esti
593 1588 666 1628 nam
688 1567 789 1629 minas
809 1576 859 1628 est
878 1567 1117 1649 interrogativa,

68 1674 105 1729 ut
120 1640 365 1748 graviofloratio
387 1669 513 1751 poetica
533 1669 645 1751 poscit,
667 1690 724 1749 pro
744 1669 903 1749 pedestri:
926 1691 987 1731 aaa
1005 1669 1118 1743 minas,

66 1768 278 1842 nihilominus,
297 1778 450 1832 attamen.
496 1769 634 1832 Sensus:
661 1769 764 1842 Urite,
787 1777 849 1831 etc.
895 1770 1049 1833 Attamen
1071 1769 1121 1833 hic

66 1870 149 1932 cinis
161 1870 254 1932 altior
269 1871 330 1932 erit
345 1881 412 1934 toto
428 1872 514 1933 orbe.
542 1870 617 1933 Hoc
631 1893 692 1933 non
709 1872 874 1952 capientes
889 1870 1007 1933 librarii
1020 1873 1121 1935 minas

65 1992 127 2055 pro
147 1971 212 2054 adj.
229 1973 392 2055 capientes
415 1974 454 2035 ad
478 1973 576 2034 altior
597 1974 676 2034 cinis
696 1972 892 2045 referebant,
915 1983 948 2035 et
967 1973 1121 2035 lectiones

66 2073 237 2146 coderaot,
254 2073 365 2154 quales
381 2082 472 2136 sunt:
496 2095 559 2136 aaa
574 2075 686 2145 minor,
700 2096 773 2136 nam
788 2075 900 2136 minor.

110 2175 158 2236 4⁰.
185 2173 210 2236 I.
236 2175 311 2236 595.
339 2173 394 2253 ubi
424 2174 514 2236 multi
547 2175 688 2257 insignes
717 2176 901 2237 referuntur
927 2175 1036 2247 duces,
1065 2174 1120 2258 qui

64 2274 166 2338 rebus
181 2276 280 2357 gestis
295 2275 401 2337 titulos
423 2285 457 2338 et
476 2276 665 2358 cognomina
685 2285 937 2365 reportaverant,
955 2285 1026 2358 post
1042 2276 1120 2339 mul-

65 2388 118 2439 tos
134 2377 213 2438 alios
225 2377 320 2438 etiam
337 2377 404 2439 dux
420 2377 549 2459 quidam
565 2376 611 2439 his
625 2377 729 2438 verbis
747 2378 904 2439 innuitur:

119 2477 219 2540 Hanc
233 2466 383 2541 Numida
394 2476 540 2561 faciam,
558 2479 645 2541 illam
664 2479 815 2542 Messana
836 2479 1012 2562 aripertum.
1059 2479 1121 2544 Co·

66 2581 214 2664 gitarum
237 2580 376 2661 interpp.
401 2580 442 2641 de
467 2579 512 2640 M.
535 2578 666 2642 Valerio
693 2579 844 2654 Messala,
870 2581 921 2643 vel
948 2582 989 2644 de
1012 2582 1121 2665 Appio

67 2680 220 2752 Claudio,
238 2681 303 2763 qui,
320 2679 421 2761 primo
438 2678 521 2741 bello
534 2678 671 2752 Punico,
687 2703 753 2743 rem
770 2682 800 2742 in
818 2681 928 2744 Sicilia
943 2692 1121 2764 gesserant,

67 2791 105 2844 et
133 2781 268 2843 alterum
296 2781 348 2843 vel
374 2780 508 2842 alterum
537 2781 726 2843 Mamertini
752 2803 928 2864 cognomen
959 2785 1121 2865 accepisse

67 2882 252 2966 opinantur.
298 2882 366 2946 Sed
382 2883 503 2956 dubito,
518 2904 558 2945 an
573 2883 614 2945 de
630 2882 769 2956 Valerio,
787 2884 878 2965 cujus
895 2894 1002 2965 partes
1017 2886 1048 2946 in
1064 2884 1122 2946 hac

69 2986 280 3068 expeditione
295 2986 447 3048 secandae
463 2995 565 3056 erant,
583 2994 616 3046 et
633 2986 673 3046 de
690 2985 877 3067 cognomine
894 2986 985 3066 cujus
1002 2986 1121 3047 nullum

69 3086 243 3169 vestigium
267 3097 384 3159 exstat,
409 3086 543 3170 cogitari
570 3087 676 3158 liceat,
700 3108 797 3168 quum
821 3087 965 3167 inspecto
988 3086 1123 3169 Polybio

69 3190 103 3268 (i.
132 3187 179 3264 1.)
204 3189 258 3251 vix
283 3190 324 3251 de
349 3211 399 3261 eo,
426 3211 521 3273 quem
546 3189 684 3252 Ovidius
709 3187 822 3258 innuit,
847 3187 985 3249 dubitari
1012 3196 1119 3269 queat.

70 3290 200 3372 Appius
221 3291 306 3353 enim
328 3291 483 3354 Claudius
498 3313 561 3353 non
580 3290 679 3354 solum
701 3290 853 3372 singulari
874 3287 1038 3351 celeritate
1061 3290 1119 3371 pri·

71 3412 155 3454 mam
182 3392 422 3473 expeditionem
451 3394 602 3465 confecit,
630 3392 780 3454 Messana
808 3391 933 3473 expulit
955 3390 1122 3473 Carthagi-

72 3493 199 3555 nienses
212 3504 246 3555 et
261 3494 438 3557 Hieronem
454 3494 663 3577 expugnavit,
679 3495 736 3555 sed
750 3501 783 3554 et
795 3502 907 3575 postea
919 3493 958 3554 ad
974 3494 1124 3574 exempla

72 3595 164 3657 navis
192 3593 454 3679 carthaginensis
479 3596 613 3659 classem
641 3596 811 3669 exstruxit,
839 3595 982 3677 praelium
1011 3593 1123 3656 navale

70 3695 241 3767 commisit,
265 3705 299 3758 et
325 3696 476 3760 Caedicia
502 3718 680 3780 cognomen
708 3697 783 3758 inde
806 3696 965 3758 invenisse
990 3696 1124 3759 dicitur:

70 3798 134 3860 vid.
163 3796 272 3879 Polyb.
297 3797 317 3858 l.
341 3821 369 3860 c.
397 3797 513 3861 Nonne
539 3798 621 3861 hunc
647 3798 773 3860 titulum
799 3798 936 3861 Ovidius
960 3808 1124 3881 spectasse

71 3898 236 3981 putandus
252 3899 313 3960 erit
328 3899 337 3960 l

338 4091 425 4132 FlNlS
451 4090 650 4132 EXCURSUUM
677 4091 710 4130 ΙΝ
737 4091 865 4134 l'llS'l'OS.

806 4205 863 4265 :lo
