2806 5018
476 377 530 441 IN
555 376 715 441 OVlDll
741 376 929 442 FASTOS.
1158 377 1221 441 371

174 548 284 613 Gellio
299 550 331 614 ii.
348 548 410 623 24;
433 557 467 610 et
482 549 571 612 xviii.
589 549 621 612 2.
639 549 707 614 lraec
723 551 870 614 convivia
886 550 1036 614 nobilium
1055 549 1221 634 Megalen-

171 651 262 714 sibus
285 652 369 716 ludis
391 651 553 715 celebrata
572 653 726 735 peculiari
747 661 781 716 et
799 653 931 716 solemni
947 652 1074 716 nomine
1093 652 1222 716 mutita-

175 755 277 817 tioacs
292 754 398 817 vocari
416 754 538 829 videns,
558 754 636 818 hanc
659 776 770 818 vocem
791 755 1016 829 obscuriorem,
1033 755 1090 817 sed
1112 753 1144 817 in
1164 753 1224 817 bac

171 876 209 919 re
225 856 400 920 solemnem
417 877 505 919 more
521 879 579 919 suo
594 856 653 920 hoc
666 857 735 920 loco
747 856 898 920 Ovidium
912 877 1075 938 exponere
1088 856 1224 928 censuit,

174 966 210 1021 et
228 980 386 1041 reponens
404 981 462 1042 pro
479 968 545 1021 tum
562 961 662 1045 mupis
677 981 788 1022 vocem
806 961 946 1022 metuito
960 959 1000 1021 ad
1016 957 1096 1021 banc
1112 959 1225 1022 referri

173 1061 278 1125 voluit
302 1065 332 1121 τὸ
355 1060 636 1125 mutarit-Vere
662 1083 736 1124 eum
761 1061 947 1145 conjecisse,
968 1060 1169 1123 verisimilius
1190 1061 1226 1123 tit

175 1184 260 1226 novo
283 1163 324 1226 de
347 1184 406 1225 usu
430 1162 523 1248 hujus
546 1163 632 1227 vocis
655 1163 832 1227 accedente
856 1162 1047 1227 testimonio.
1089 1160 1225 1226 Verrius

176 1265 263 1329 enim
281 1266 349 1328 sere
365 1265 479 1328 iisdem
495 1265 601 1329 verbis
617 1286 653 1328 ac
670 1264 817 1338 Ovidius,
836 1287 908 1348 quae
927 1265 1051 1348 integra
1070 1264 1102 1327 in
1118 1262 1225 1346 lapide

175 1377 361 1451 supersunt.

222 1470 306 1534 Ludi
327 1470 374 1533 M.
395 1472 438 1534 D.
456 1470 503 1533 M.
522 1469 550 1533 I.
573 1469 774 1554 Megalensia
797 1478 959 1543 vocantur,
983 1470 1069 1553 quod
1092 1490 1131 1532 ea
1153 1470 1226 1532 Dea

178 1571 298 1636 Micale
314 1573 503 1656 appellatur.
535 1572 701 1636 Nobilium
716 1573 933 1636 mutilationes
947 1593 1109 1636 scenarum
1124 1571 1225 1635 solitas

176 1684 253 1738 snut
272 1675 462 1758 frequenter
480 1674 560 1750 fieri,
578 1675 664 1757 quod
685 1673 795 1738 Mater
811 1674 935 1758 Magna
953 1697 996 1738 ex
1017 1674 1104 1738 libris
1123 1672 1227 1759 Sibyl-

175 1778 250 1842 linis
270 1779 421 1841 arcessita
441 1778 545 1841 locum
566 1778 702 1841 mutavit
718 1799 761 1840 ex
777 1776 919 1862 Phrygia
936 1776 1084 1841 Romam.
1130 1775 1227 1856 Quod

177 1881 206 1946 si
227 1889 386 1965 praeterea
399 1881 587 1955 observaris,
605 1889 641 1944 ut
658 1881 726 1943 fere
748 1881 780 1943 in
800 1881 944 1944 omnibus
961 1880 1228 1963 explicationibus

177 1983 318 2048 Ovidius
346 2005 417 2048 cum
445 1984 615 2048 Fastorum
641 1983 961 2047 commentationibus
987 1983 1170 2056 conveniat,
1194 1991 1229 2046 et

179 2110 243 2152 non
266 2110 338 2151 raro
360 2089 400 2152 ab
423 2089 460 2150 iis
483 2088 635 2171 pendeat,
654 2087 709 2150 vix
732 2087 773 2149 de
794 2087 929 2150 veritate
952 2086 1108 2160 lectionis,
1131 2107 1226 2169 quam

178 2191 358 2275 Fogginins
375 2191 517 2254 hocloco
534 2190 638 2264 affert,
655 2188 826 2252 dubitabis.
871 2189 979 2267 Quum
996 2189 1081 2250 enim
1096 2188 1227 2252 mutita-

178 2295 280 2358 tiones
307 2303 341 2357 et
365 2295 518 2358 mutitare
542 2294 596 2356 vix
618 2315 638 2356 a
660 2302 789 2356 mutuus
813 2314 884 2356 esse
911 2293 1019 2375 possit,
1041 2293 1097 2356 sed
1121 2292 1227 2376 potius

178 2397 452 2480 frequentativum
471 2397 562 2460 verbi
583 2406 679 2472 moto,
697 2405 733 2459 ut
754 2395 784 2458 Ο
808 2394 889 2459 etv
905 2395 1047 2460 indicare
1067 2395 1226 2468 videntur,

180 2521 240 2581 pro
271 2500 420 2572 mutuita,
452 2499 537 2582 quod
569 2497 727 2561 Heinsius
756 2497 868 2572 voluit,
899 2498 1026 2561 Metita
1056 2496 1229 2581 legendum

179 2622 309 2674 censeo,
337 2611 373 2664 ut
401 2601 543 2664 coavivio
568 2601 686 2664 metita
713 2599 799 2664 idem
823 2599 874 2674 sit,
902 2600 987 2682 quod
1013 2600 1231 2663 mutitatiorres

180 2725 341 2768 cenarum
363 2705 448 2787 apud
465 2702 629 2779 Verrium,
645 2712 679 2766 et
700 2702 908 2787 sequentibus
929 2704 1073 2766 versibus
1094 2702 1242 2777 Ovidius

180 2807 348 2870 obscuram
370 2806 450 2870 hanc
472 2830 584 2870 vocem
606 2808 796 2871 illustratum
817 2816 881 2869 eat.
934 2805 1137 2868 Econtextu
1159 2825 1230 2867 eam

180 2909 343 2973 excidisse
359 2909 414 2973 vix
431 2910 562 2984 mireris,
580 2932 677 2993 quum
693 2909 726 2971 in
742 2908 842 2972 Gellii
861 2907 939 2971 locis
957 2908 1071 2970 eadem
1086 2904 1230 2968 lectionis

183 3012 321 3074 varietas
336 3012 386 3075 sit.
432 3011 567 3075 Verrius
583 3033 692 3075 omnes
708 3011 859 3073 vindicat.

226 3113 319 3177 Fast.
335 3114 377 3177 ir.
392 3112 467 3177 378.
490 3115 666 3178 Fortunam
682 3113 848 3176 Publicam
866 3120 1020 3174 sacratam
1038 3110 1083 3173 ait
1101 3109 1134 3171 iu
1149 3109 1231 3171 colle

183 3215 345 3293 Quirinali
361 3215 408 3279 his
424 3216 588 3279 versibus:

340 3365 401 3437 Qui
415 3366 501 3433 dicet,
515 3365 659 3444 quondam
672 3376 781 3424 sacrata
794 3376 838 3424 est
851 3364 923 3423 colle
938 3363 1054 3435 Quirini

383 3460 449 3519 Hac
464 3460 593 3519 Fortuna
606 3461 653 3520 die
668 3461 798 3527 Publica,
814 3481 897 3518 verus
910 3460 974 3519 erit.

183 3609 319 3675 Verrius
334 3613 374 3674 ad
391 3611 423 3673 d.
439 3613 461 3673 5
477 3610 580 3695 April.
595 3612 679 3675 Ludi
692 3611 844 3674 Fortunae
858 3611 995 3694 publicae
1011 3609 1122 3673 citerio
1133 3657 1141 3671 .
1154 3656 1161 3672 .
1176 3658 1182 3672 .
1198 3610 1230 3673 in

179 3714 287 3789 colle;
309 3736 448 3799 eumque
470 3714 622 3798 supplens
639 3714 816 3799 Fogginius
837 3713 902 3796 legi
918 3713 987 3775 vult
1002 3712 1156 3786 citeriori,
1173 3713 1231 3776 sed

181 3820 223 3882 ad
250 3818 402 3881 Fortunee
426 3818 520 3881 Publ.
544 3818 668 3881 referri.
715 3819 891 3881 Fortunam
915 3816 1096 3880 citeriorem
1123 3824 1231 3879 autem

181 3921 331 3984 eamdem
357 3941 429 3982 esse
453 3919 531 3992 vult,
556 3941 651 4003 quam
676 3919 762 3981 Plut.
787 3919 912 3997 Quaest.
938 3918 1033 3982 Rom.
1056 3918 1109 3982 73.
1133 3922 1234 4000 βρέβεμ

183 4032 289 4094 vocat,
304 4023 336 4085 id
359 4031 418 4097 cst,
435 4022 524 4084 brevi
545 4022 765 4096 obtenturam,
787 4023 875 4086 brevi
898 4023 1119 4095 necessariam,
1139 4020 1232 4103 hujus

181 4125 259 4188 diei.
317 4123 383 4187 Sed
413 4125 591 4187 citeriorem
622 4123 796 4188 Fortunam
836 4124 979 4187 absolute
1011 4126 1057 4187 ita
1090 4121 1235 4204 usurpari
