2806 5018
310 349 376 414 stt
608 347 647 412 Ρ.
671 344 832 413 OVIDII
857 345 1069 415 NASONIS

312 523 502 597 Cantabat
518 521 628 612 fanis,
646 522 824 596 cantabat
839 522 932 596 tibia
948 522 1067 595 ludis:

362 638 552 712 Cautabat
569 640 713 712 moestis
731 638 826 711 tibia
841 636 1048 711 funeribus.
1289 641 1354 710 660

312 753 444 828 Dulcis
462 765 543 828 erat
560 753 734 846 mercede
752 754 879 843 lab0r;
907 765 1136 852 tempusque
1158 763 1338 840 secutum,

360 870 471 955 Quod
489 871 613 945 subito
631 871 755 945 Graiae
772 871 958 968 frangeret
974 869 1063 944 artis
1081 893 1195 968 opus.

310 987 419 1062 Adde
438 988 539 1086 quod
557 987 689 1074 aedilis,
708 1010 886 1086 pompam
904 985 970 1082 qui
987 984 1130 1059 funeris
1150 986 1263 1075 irent,

359 1104 534 1179 Artifices
553 1103 653 1177 solos
665 1105 830 1202 jusserat
846 1126 931 1177 esse
947 1103 1095 1176 decem.

310 1217 455 1292 Exsilio
473 1229 621 1293 mutant
636 1218 781 1305 urbem,
801 1217 994 1315 Tiburque
1013 1215 1223 1294 recedunt:
1288 1221 1349 1293 665

358 1333 545 1409 Exsilium
564 1333 729 1431 quodam
745 1345 915 1432 tempore
932 1333 1050 1407 Tibur
1066 1343 1173 1407 erat:

309 1449 500 1535 Quaeritur
513 1450 551 1522 iu
569 1474 684 1524 scena
700 1473 793 1523 cava
810 1449 923 1538 tibia;
953 1449 1136 1546 quaeritur
1152 1449 1251 1538 aris3

361 1564 476 1639 Ducit
493 1589 687 1663 supremos
704 1566 826 1640 naenia
842 1566 945 1639 nulla
960 1576 1074 1640 toros.

310 1681 499 1756 Servierat
516 1682 683 1778 quidam,
703 1682 939 1780 quantolibet
955 1682 1085 1756 ordine
1104 1681 1261 1778 dignus,

359 1796 518 1885 Tibure;
548 1798 616 1872 sed
634 1799 745 1894 longo
763 1812 931 1897 tempore
948 1798 1042 1871 liber
1060 1808 1157 1871 erat.
1286 1798 1346 1870 670

307 1999 360 2044 putu
375 1997 417 2048 pro
429 1999 508 2044 pompa
518 1981 585 2031 dedit
596 1982 708 2031 Heinsius
718 1999 747 2030 ex
760 1983 806 2031 Ur·
857 1996 999 2046 quemquem
1016 1980 1040 2029 id
1059 1981 1083 2031 in
1103 1981 1148 2031 xii.
1163 1982 1246 2031 stb.
1259 1978 1347 2046 prnbdri·

307 2056 355 2105 sini
371 2064 396 2105 et
408 2057 507 2105 Strozzra
522 2055 592 2105 codd.
602 2064 629 2104 ut
643 2055 719 2105 simile
730 2056 760 2104 sit
770 2055 806 2105 illi
856 2065 920 2104 tum:
938 2061 955 2085 “
966 2055 1035 2105 neive
1045 2056 1137 2121 plureis
1150 2056 1230 2106 lectos
1242 2055 1302 2104 endo
1313 2052 1349 2101 far-

308 2133 420 2194 ernqaias
434 2133 476 2178 ire.
510 2130 564 2193 Ipse
580 2137 604 2178 et
617 2129 701 2178 suedet
715 2147 805 2192 pompe,
857 2130 908 2178 to.'’
941 2130 972 2178 ln
998 2128 1080 2178 funere
1102 2130 1219 2180 Marcelli
1240 2129 1348 2194 sagum

308 2211 335 2253 ut
345 2203 389 2269 ipsi
400 2203 510 2252 tibicines
520 2201 690 2266 intelligantur.
855 2213 979 2254 sexcentos
987 2203 1091 2270 preferri
1098 2204 1181 2269 jussit.
1216 2203 1290 2253 Multi
1296 2210 1348 2250 vete·

341 2278 399 2326 66⁵.
427 2279 448 2325 E
473 2276 579 2325 discessu
604 2292 683 2325 eorum
705 2274 806 2324 Ovidius
856 2295 908 2328 rum
932 2282 1023 2328 omos.-
1049 2279 1116 2343 quod
1135 2279 1230 2345 respuit
1250 2279 1350 2328 Burnus.

305 2353 410 2400 exsilium
427 2351 497 2410 fecit;
521 2360 545 2399 et
563 2366 637 2413 quum
657 2350 728 2398 Tibur
742 2348 806 2398 Latii
856 2351 1349 2419 quiapraeficenonehorosegerinupw

305 2424 421 2490 oppidum
431 2433 493 2472 esset
503 2424 613 2488 idemque
621 2440 740 2473 amoenum
752 2438 806 2471 cum
856 2428 899 2476 fert
908 2428 1000 2478 Taubn.
1007 2425 1064 2492 quia
1073 2437 1134 2476 toros
1141 2428 1234 2478 ducere
1245 2427 1301 2477 nibil
1310 2426 1350 2489 sig·

307 2497 360 2544 ruiti
371 2498 428 2554 solo,
436 2496 476 2545 ubi
489 2496 600 2544 Horatius
611 2498 658 2560 (ll.
667 2496 715 2545 od.
724 2496 757 2545 vi.
769 2496 806 2555 6.)
855 2501 944 2559 nificet,
965 2518 1042 2567 neque
1059 2504 1143 2551 chorus
1159 2517 1257 2568 semper
1273 2500 1350 2551 adtau-

305 2571 386 2621 sedem
396 2581 498 2620 senectae
509 2587 557 2619 suas
568 2586 619 2620 esse
628 2571 729 2625 volebat,
738 2586 806 2636 prop·
855 2576 913 2623 tium
927 2585 1016 2625 eoetum
1030 2584 1105 2624 notet.
1142 2576 1176 2624 At
1192 2575 1350 2626 dusmense

307 2655 372 2695 terea
387 2644 549 2700 mirabundus,
560 2645 637 2693 forsan
651 2654 675 2693 et
689 2661 757 2693 suum
768 2645 805 2693 in·
856 2649 974 2706 dicuntur,
982 2649 1023 2715 qui
1032 2650 1173 2716 precedunt
1181 2661 1227 2700 sut
1237 2649 1352 2718 proferun-

307 2727 343 2769 ter
359 2721 434 2769 Getas
449 2718 558 2768 exsilium
573 2720 709 2785 respiciens,
723 2720 804 2767 excla·
856 2731 907 2770 tur:
928 2725 1012 2771 Horat.
1032 2723 1110 2788 Epod.
1129 2724 1180 2772 viii.
1198 2726 1242 2772 ll:
1264 2731 1280 2753 ⁴⁴
1290 2725 1351 2771 funus

308 2804 358 2843 mat
375 2795 494 2850 Exsilium,
509 2802 555 2842 etc.
588 2796 627 2842 De
646 2794 698 2841 loco
717 2802 805 2851 autem,
856 2805 929 2860 atque
950 2796 1065 2862 imagines
1086 2797 1188 2846 Ducant
1208 2797 1352 2862 triumphales

307 2885 356 2933 quo
369 2877 521 2923 recesserunt,
531 2867 680 2915 consentiunt
691 2866 771 2914 Livius
782 2878 806 2916 et
856 2879 923 2918 tuum
931 2870 955 2928 ;”
972 2871 1013 2918 ubi
1025 2869 1078 2918 vide
1089 2870 1269 2920 blitsclrerlicb.
1288 2870 1350 2927 Quod

311 2944 460 2992 Plutarchus.
494 2941 524 2989 fa
541 2959 621 2990 sceno.-
638 2942 759 2990 Demster.
775 2941 805 2989 ad
856 2942 875 2990 si
892 2943 946 3006 quis
961 2944 1036 2991 choros
1052 2943 1148 2991 retineri
1164 2945 1236 3000 velit,
1247 2944 1316 3010 possit
1330 2941 1349 2989 id

307 3019 393 3066 Rosin.
404 3015 488 3081 snriq.
499 3015 532 3064 iii.
544 3017 584 3063 31.
595 3015 715 3063 contendit
726 3016 805 3078 legen·
855 3016 983 3066 defendere
994 3016 1104 3083 Dionysii
1116 3019 1172 3083 (vii.
1184 3021 1226 3068 72.
1237 3038 1262 3085 p.
1275 3016 1349 3076 1492)

306 3093 364 3142 dum
375 3096 400 3141 iu
413 3109 485 3145 carro,
496 3090 559 3154 quod
577 3099 600 3136 et
611 3090 706 3137 biamus
720 3089 744 3135 io
756 3089 806 3135 An·
856 3093 1010 3140 auctoritate:
1033 3092 1053 3140 is
1069 3091 1134 3140 enim
1151 3093 1237 3149 tradit,
1253 3094 1277 3141 in
1292 3092 1349 3140 illus

307 3175 392 3214 notatt.
407 3165 493 3225 habet;
515 3163 586 3210 immo
603 3163 688 3228 repetit
706 3161 806 3210 Ovidius
856 3166 926 3214 trium
937 3166 1037 3215 virorum
1049 3166 1174 3214 funeribus
1183 3167 1272 3215 uidisse
1281 3182 1305 3214 se
1315 3167 1350 3213 Su-

306 3239 422 3304 triplicem
433 3238 500 3286 illum
513 3237 575 3285 tibiae
588 3253 664 3292 usum,
676 3251 745 3299 quem
754 3236 804 3300 jam
855 3245 938 3302 tyricos
949 3243 1024 3289 choros
1037 3240 1077 3305 qui
1092 3249 1171 3289 torum
1188 3242 1348 3307 prrecedcreut.

305 3330 355 3362 ver.
379 3313 427 3361 659
453 3327 507 3375 sqq·
533 3308 732 3357 commemoravit·
766 3309 805 3356 De
855 3315 1051 3378 atquesiciunem
1066 3315 1220 3364 saltationem
1233 3317 1348 3365 saltarent:

306 3386 377 3451 hujus
397 3401 441 3433 usu
461 3385 486 3432 iu
507 3399 579 3432 scens
600 3383 688 3438 Livius,
712 3381 750 3429 vii.
771 3384 802 3429 2:
855 3387 1057 3453 προηγουμένους
1072 3391 1118 3446 τῆς
1134 3389 1224 3448 κλίνης
1241 3390 1298 3447 τοὺς
1311 3405 1348 3435 σα·

306 3467 322 3490 “
336 3460 453 3508 Ludiones
464 3475 493 3507 ex
503 3458 596 3506 Etruria
606 3457 675 3506 acciti
687 3456 716 3504 ad
728 3456 803 3504 tibici·
854 3465 968 3526 τυριστὰς
984 3464 1072 3527 χοροὺς
1086 3462 1248 3527 κινουμένους
1262 3465 1307 3523 τὴν
1319 3478 1347 3509 or-

307 3536 344 3581 nis
354 3534 435 3582 modos
445 3531 585 3580 saltantes.’'
620 3533 769 3593 Quamquam
781 3539 805 3578 et
854 3536 944 3597 κίννην
960 3538 1072 3601 ὄρχησιν·
1089 3553 1195 3601 moxque
1214 3539 1288 3593 addit,
1303 3547 1347 3601 post

306 3609 331 3657 in
342 3607 418 3672 epulis
425 3607 476 3671 jam
487 3605 568 3669 priscis
584 3603 727 3669 temporibus
737 3603 804 3650 adhi·
854 3611 911 3658 istos
921 3610 1004 3659 choros
1014 3611 1100 3658 multos
1111 3609 1250 3659 citharistas
1263 3620 1286 3660 et
1295 3609 1346 3657 mul·

304 3681 420 3738 bebatur}
437 3677 642 3732 Ci00f021'u⁸t·i·
658 3678 681 3723 '2-
716 3675 804 3728 Queri·
855 3691 891 3731 tos
906 3683 1015 3732 tibicines
1028 3682 1107 3732 ivisse.
1143 3684 1214 3733 Toros
1227 3693 1304 3732 temen
1313 3698 1345 3729 re

307 3766 354 3809 tur,
373 3751 526 3805 desideratur,
547 3751 629 3797 abesse
650 3765 704 3797 curu
726 3748 805 3797 dolore
855 3758 903 3805 rius
930 3767 996 3822 puto,
1016 3765 1040 3806 et
1070 3767 1147 3807 tueor.
1182 3759 1252 3808 Unus
1274 3756 1343 3807 Vetis-

305 3827 418 3878 sentitur:
437 3824 532 3872 vidend
544 3825 655 3879 Plinium.
666 3824 711 3870 VI.
723 3823 767 3888 Ep.
778 3823 804 3871 ii.
857 3832 1056 3894 massanos-0055
1075 3848 1123 3880 non
1133 3833 1210 3881 bene:
1229 3847 1342 3895 supremus

308 3904 331 3951 l·
366 3901 456 3954 Nm,
471 3908 566 3945 auclffle
584 3899 805 3953 F8510›'⁴0³fm011‚
856 3915 897 3953 eut
919 3917 1049 3962 eatremum,
1068 3906 1186 3971 quidquid
1206 3906 1236 3954 ad
1253 3913 1343 3952 mortuos

306 3974 370 4041 quod
383 3974 408 4022 in
419 3973 499 4021 funere
509 3971 622 4019 laudandi
633 3971 709 4035 gratis
722 3980 802 4018 cautu-
853 3980 969 4043 peftinet3
997 3980 1175 4029 Bmuckhusius
1200 3979 1231 4029 ad
1255 3981 1341 4043 Proper·

306 4063 344 4101 tur
360 4049 391 4097 ad
406 4045 515 4096 tibiam.’'
551 4045 618 4102 Tori;
636 4044 699 4101 lecti,
710 4045 734 4092 in
750 4045 802 4109 qui·
852 4053 1071 4109 tium‚1,xvii,23,

305 4130 350 4177 bus
371 4122 457 4173 mortui
475 4121 646 4170 efferebantur:
670 4129 694 4168 et
714 4121 738 4168 in
755 4137 802 4170 uno
884 4128 942 4177 669.
959 4129 1004 4176 Hic
1023 4127 1137 4176 nonnulla
1152 4126 1284 4195 supplenda
1295 4129 1339 4172 sunt

306 4193 801 4262 funeresoepepiureslecliadhibebantur,
852 4218 880 4250 ex
898 4202 979 4249 Livio:
1000 4203 1063 4251 “Ut
1078 4218 1148 4250 nemo
1163 4203 1189 4249 in
1206 4204 1263 4252 urbe
1280 4205 1339 4249 esset,
