2806 5018
282 348 326 413 20
575 345 614 411 P.
638 344 797 411 OVlDll
821 344 1032 412 NASONIS

285 516 372 605 Hic,
392 518 456 592 ubi
475 541 574 591 nunc
594 515 718 590 Roma
735 528 804 603 est,
821 517 993 591 incaedua
1010 517 1117 614 sylva
1133 517 1300 607 virebat3

336 634 534 731 Tantaque
553 657 612 707 res
630 633 761 731 paucis
780 657 922 731 pascua
939 634 1063 708 bubus
1079 644 1172 708 erat.

286 750 367 823 Arx
385 774 470 825 mea
486 749 593 824 collis
611 761 704 836 erat,
723 773 837 847 quem
854 750 992 823 cultrix
1011 749 1161 824 nomine
1180 759 1312 822 nostro

338 865 546 964 Nuncupat
562 868 643 940 haec
661 877 764 952 aetas,
783 864 807 937 J
811 866 1076 962 aniculumque
1094 874 1216 938 vocat.
1263 868 1337 937 246

287 978 394 1057 Tunc
412 1008 484 1079 ego
501 984 719 1080 regnabam,
738 982 885 1080 patiens
905 1005 1022 1078 quum
1039 992 1139 1054 terra
1155 980 1325 1053 Deorum

340 1096 465 1184 Esset,
485 1109 525 1172 et
541 1098 714 1172 humanis
732 1097 887 1170 numina
904 1096 1027 1169 mixta
1041 1096 1147 1169 locis.

288 1212 468 1288 Nondum
485 1213 508 1286 J
512 1214 678 1288 ustitiam
696 1212 842 1287 facinus
860 1214 1017 1286 mortale
1033 1211 1198 1308 fugarat3

340 1328 483 1403 Ultima
500 1329 549 1403 de
566 1328 713 1427 superis
731 1327 797 1400 illa
812 1327 963 1423 reliquit
979 1328 1158 1401 humum:
1263 1330 1338 1399 250

290 1443 441 1541 Proque
460 1455 563 1517 metu
579 1443 761 1541 populum
773 1442 854 1515 sine
873 1442 907 1514 vi
922 1442 1043 1539 pudor
1060 1442 1142 1539 ipse
1158 1443 1336 1538 regebat:

340 1559 479 1633 Nullus
497 1570 578 1634 erat
589 1559 703 1656 justis
720 1559 878 1632 reddere
891 1559 977 1655 jura
995 1559 1111 1632 labor.

291 1673 356 1746 Nil
374 1674 465 1746 mihi
483 1697 570 1747 cum
588 1673 714 1747 bello:
742 1697 876 1771 pacem
895 1683 1101 1770 postesque
1117 1673 1275 1746 tuebar:

342 1787 392 1861 Et
408 1789 552 1863 clavem
570 1789 788 1877 ostendens,
808 1788 916 1877 Haec,
935 1790 1000 1877 ait,
1019 1813 1122 1864 arma
1139 1813 1242 1886 gero.

288 1901 487 1978 Presserat
501 1929 567 1978 ora
585 1906 711 1979 Deus:
740 1915 831 1979 tunc
849 1907 903 1979 sic
921 1917 1050 1980 nostra
1066 1929 1131 1979 ora
1146 1906 1306 1994 resolvo,

340 2019 443 2094 Voce
462 2046 546 2096 mea
563 2045 676 2096 voces
694 2021 868 2097 eliciente
888 2022 985 2097 Dei:
1264 2028 1340 2098 256

290 2135 418 2221 Quum
435 2148 492 2211 tot
508 2139 584 2212 sint
600 2138 700 2227 Jani,
719 2163 786 2213 cur
804 2150 881 2213 atas
900 2149 1069 2212 sacratus
1087 2139 1125 2211 in
1144 2161 1233 2225 uno,

340 2249 415 2325 Hic
432 2253 497 2325 ubi
511 2254 645 2349 juncta
661 2251 752 2327 soris
769 2254 912 2350 templa
929 2253 1077 2328 duobus
1094 2254 1240 2327 habes?

323 2546 381 2595 2⁴³.
402 2544 546 2596 vastitatem
571 2546 666 2596 illorum
686 2546 790 2596 locorum
841 2548 928 2598 similia
938 2547 1026 2597 Fabius
1037 2546 1117 2596 Pictor
1127 2555 1272 2595 narraverat.
1290 2548 1342 2596 P·-

290 2619 370 2684 plures
378 2628 453 2683 poeta
462 2619 614 2684 descripsere,
625 2630 650 2669 et
659 2636 713 2669 curn
724 2637 790 2686 meg·
840 2624 891 2678 dor,
907 2620 1037 2671 moderatio
1056 2622 1162 2670 omniunt
1181 2620 1342 2685 cupiditatum

289 2691 410 2742 ffloenaa
416 2693 480 2741 urbis
487 2693 604 2742 &mann
615 2703 791 2760 compararunt,
841 2712 914 2745 causa
922 2695 981 2761 justi
993 2704 1017 2744 et
1029 2695 1100 2759 equi.

290 2775 319 2816 ut
331 2765 454 2830 Virgilius,
465 2769 524 2816 AEn.
533 2767 583 2816 viii.
599 2771 647 2818 314
661 2785 715 2834 sqq.
749 2770 791 2818 lu·
874 2772 929 2818 257.
946 2770 1003 2818 Jant
1014 2771 1099 2817 Rome
1113 2767 1253 2816 dicebantur
1267 2769 1342 2818 sediti·

289 2842 377 2893 cedas.
410 2839 511 2900 Plinius,
523 2843 556 2892 V.
567 2843 615 2908 Ep.
627 2843 658 2892 vi.
668 2847 691 2892 8.
701 2861 792 2892 amors
842 2843 880 2893 cis
900 2844 1016 2892 fornicata
1035 2852 1060 2891 et
1075 2841 1164 2907 pervia,
1184 2858 1226 2907 per
1244 2860 1296 2907 quie
1316 2844 1342 2893 in

289 2914 386 2976 antiqua
398 2913 522 2979 distinguit
536 2930 551 2963 a
567 2919 659 2974 cedias,
669 2917 694 2966 in
705 2916 793 2981 quibus
843 2916 902 2965 elios
912 2916 976 2965 vicos
984 2915 1083 2965 uansire
1092 2914 1188 2963 licebat.
1204 2916 1342 2966 Tuleslani

293 2985 372 3034 solent
385 2987 478 3037 arbores
490 2988 561 3037 cedi.
596 2989 672 3038 Tanta
687 3007 730 3046 res,
743 2999 792 3038 tam
843 2997 910 3038 erant
924 2990 1012 3054 plures,
1028 2989 1059 3038 ad
1076 2989 1151 3037 sorum
1162 2997 1219 3037 tres.
1249 2990 1344 3048 Livius,

291 3060 443 3124 magnificum
465 3070 539 3127 caput
558 3069 630 3111 unta
647 3061 794 3127 reipublice.
843 3063 887 3112 xli.
907 3065 948 3112 27.
968 3064 999 3113 de
1023 3063 1107 3112 Fulvio
1130 3062 1216 3111 Flacco
1236 3079 1344 3120 censure.

291 3134 341 3183 Are
358 3152 417 3191 meu,
437 3144 485 3185 etc.
501 3152 548 3185 non
569 3152 652 3193 arcem,
669 3136 793 3201 palatium,
843 3143 861 3166 ‘¹
872 3137 971 3186 Curavit
987 3138 1061 3186 lorum
1078 3134 1208 3201 porticibus
1226 3138 1343 3193 tabernis-

290 3206 415 3266 babebaur,
430 3209 472 3258 sed
488 3209 580 3258 nudum
595 3209 690 3265 collem,
706 3210 730 3259 in
746 3226 794 3275 quo
844 3226 890 3275 que
900 3210 1068 3267 claudendum,
1079 3219 1103 3258 et
1113 3211 1188 3258 Jenns
1196 3219 1243 3259 tres
1254 3212 1343 3260 sacien-

291 3278 416 3344 degebam.
461 3283 565 3351 Cultrir,
591 3282 698 3332 impleus
726 3299 793 3332 mon·
843 3283 913 3332 dos.''
946 3284 994 3333 Sed
1010 3283 1056 3331 hoc
1071 3283 1122 3332 loco
1137 3283 1238 3332 Ienzius
1253 3286 1345 3336 sacella

293 3361 351 3403 tem.
842 3357 899 3406 Jani
915 3357 1036 3421 intelligit.
1070 3358 1121 3405 Stat
1138 3368 1250 3414 sacratus,
1269 3360 1346 3409 habes

322 3427 381 3475 247.
404 3425 501 3475 Patiens
522 3427 623 3476 Deorum
644 3436 670 3477 et
687 3430 793 3479 inmunis
842 3441 954 3480 statuam.
978 3433 1157 3494 Tempananus
1168 3432 1343 3483 babebattria:

292 3502 363 3548 misto
384 3502 482 3548 namins
506 3501 560 3549 locis
583 3501 653 3566 paulo
678 3501 793 3553 audacius
842 3504 942 3570 primurn
953 3505 1073 3555 conditum
1085 3517 1120 3555 est
1135 3507 1272 3564 sanmuro,
1283 3525 1345 3573 pace

291 3573 390 3628 dictum,
403 3589 476 3637 quum
488 3573 530 3622 Dii
545 3573 679 3624 habitarent
688 3575 715 3623 in
726 3579 793 3627 terris
842 3577 903 3626 inter
920 3579 998 3644 ipsum
1018 3590 1043 3627 et
1061 3580 1156 3630 Tatium
1178 3582 1257 3630 lacta:
1277 3584 1342 3646 quod

292 3654 363 3710 atque
376 3644 571 3708 interbomines3
588 3646 612 3695 id
630 3648 693 3712 quod
707 3650 792 3700 eratin
841 3650 920 3716 ipsum
947 3653 1029 3701 Numa
1048 3662 1151 3720 tempore
1177 3656 1242 3720 pacis
1262 3656 1346 3706 claudi

292 3718 525 3768 bunisaureisecnli.
546 3721 652 3768 Nondum
661 3722 790 3788 Iustitiam,
841 3723 961 3774 instituit:
984 3725 1084 3776 alterurn
1105 3737 1206 3793 quatuor
1223 3738 1344 3793 portarurn

292 3800 339 3839 etc.
373 3791 413 3839 Sic
424 3801 449 3840 et
464 3793 566 3841 Metam.
577 3792 663 3843 i.l50.
672 3797 714 3844 'ubi
728 3808 792 3862 post·
842 3798 983 3848 luitinloro
1001 3801 1161 3857 Romano,ab
1176 3804 1285 3868 Augusto
1299 3804 1344 3853 de-

291 3864 466 3928 quamsncinus
476 3869 579 3924 mortula
587 3867 691 3917 saonem
702 3880 788 3919 morte-
841 3871 947 3920 dicatum
958 3890 963 3919 ι
986 3874 1011 3922 in
1030 3891 1078 3938 quo
1097 3877 1174 3925 Janus
1195 3877 1346 3940 quadrifrons

291 3935 335 3992 lia,
351 3937 483 4003 descripsit,
496 3941 589 4006 pergit:
608 3943 710 4008 “Virgo
724 3945 791 3994 creda
841 3945 977 3994 colebatur:
999 3949 1094 3997 tertium
1102 3951 1214 4014 junctum
1224 3960 1275 4000 erat
1277 3953 1345 4015 soris

293 4010 417 4060 madentes
444 4012 535 4063 Ultima
564 4016 690 4066 coelestum
718 4026 791 4068 terras
840 4020 935 4075 duobus,
953 4019 1054 4085 piscario
1071 4033 1095 4071 et
1111 4023 1200 4080 boaria
1220 4025 1346 4076 aDuillio

292 4083 513 4152 Astraeaffliquitl’
525 4090 667 4140 Etiamnum
676 4108 791 4157 sqq.con·
842 4090 944 4155 positum
965 4104 1022 4142 eta
1052 4096 1147 4146 Tiberio
1171 4097 1348 4160 instauratum

292 4154 326 4206 ier
340 4157 440 4210 Metam.
451 4160 468 4212 i.
482 4163 515 4212 90
527 4180 580 4230 sqq.
591 4173 616 4215 at
636 4166 690 4215 129.
705 4165 791 4231 quibus
842 4163 869 4213 ii.
879 4166 938 4215 201.
