2806 5018
446 354 703 420 rnsronun
729 326 898 421 mnrv.
1124 329 1190 422 ira

154 527 284 600 Noctis
302 537 382 600 erat
400 523 577 614 medium,
597 529 813 626 placidique
832 529 979 602 silentia
994 530 1135 617 somni3

196 640 470 739 Triptolemum
488 645 629 741 gremio
646 645 797 718 sustulit
814 644 879 718 illa
898 667 988 717 suo:
1119 649 1192 718 550

154 753 299 853 Perque
313 783 426 831 manu
444 759 640 857 permulsit
657 783 765 847 eum;
795 759 864 832 tria
882 758 1047 831 carmina
1060 758 1168 846 dixit,

200 869 378 946 Carmina
395 873 542 946 mortali
561 898 635 946 non
653 867 847 947 referenda
865 896 976 945 sono:

154 983 273 1081 lnque
290 986 374 1061 loco
391 987 497 1084 pueri
515 1011 650 1084 eorpus
668 988 813 1062 vivente
832 986 956 1060 favilla

200 1098 351 1189 Obruit,
370 1102 574 1197 humanum
593 1113 728 1199 purget
746 1114 788 1174 ut
806 1101 903 1196 ignis
921 1125 1026 1173 onus

154 1212 353 1288 Excutitur
370 1241 499 1290 somno
518 1217 631 1289 stulte
650 1217 712 1313 pia
729 1226 867 1303 mater;
897 1225 936 1288 et
953 1239 1095 1301 amens,
1120 1221 1193 1291 555

201 1328 303 1414 Quid
314 1330 426 1405 sacis?
444 1334 649 1421 exclamat3
671 1333 914 1427 membraque
928 1331 975 1441 ab
989 1324 1072 1426 igne
1085 1331 1194 1428 rapit.

154 1442 226 1515 Cui
247 1443 350 1534 Dea;
381 1445 482 1517 Dum
501 1470 574 1518 non
593 1470 647 1532 eS,
667 1446 774 1531 dixit,
795 1446 977 1519 scelerata
993 1443 1108 1532 suisti,

201 1555 312 1633 Irrita
329 1571 497 1633 materno
517 1571 603 1632 sunt
621 1584 705 1634 mea
723 1561 822 1632 dona
839 1557 954 1633 metu.

154 1669 231 1744 lste
250 1673 402 1769 quidem
421 1675 586 1746 mortalis
604 1675 693 1763 erit3
724 1674 792 1748 sed
811 1676 951 1772 primus
970 1675 1101 1762 arabit,

201 1784 254 1859 Et
270 1797 381 1875 seret,
400 1799 438 1861 et
455 1789 558 1861 culta
575 1789 725 1886 praemia
743 1789 851 1862 tollet
868 1789 994 1862 humo
1122 1793 1195 1862 560

154 1900 281 1975 Dixit:
310 1903 561 1999 etegrediens¹
580 1904 717 1977 nubem
736 1904 862 1988 trahit,
880 1903 997 2000 inque¹
1013 1905 1195 1977 dracones

200 2014 361 2102 Transit,
381 2029 421 2090 et
437 2019 576 2114 aligero
595 2017 735 2090 tollitur
752 2042 823 2090 axe
844 2017 975 2090 Ceres.

154 2131 298 2204 Sunion
317 2134 543 2229 expositum,
563 2132 760 2230 Piraeaque
777 2144 859 2205 tuta
875 2155 1026 2205 recessu

203 2244 367 2342 Linquit,
387 2257 425 2321 et
442 2247 480 2320 in
495 2248 669 2322 dextrum
689 2273 774 2346 quae
787 2249 891 2345 jacet
908 2271 972 2322 ora
988 2248 1098 2321 latus.

154 2485 239 2551 posuit,
251 2494 276 2534 et
292 2485 355 2549 quod
374 2485 435 2550 ignis
453 2487 608 2541 absumserat,
624 2484 648 2533 id
699 2494 755 2535 tam
774 2485 808 2536 iii.
827 2491 859 2547 53
884 2485 917 2534 ix.
936 2487 992 2534 403.
1010 2485 1044 2534 sie
1065 2485 1192 2550 expressit:

154 2558 255 2607 interdiu
274 2557 410 2623 inungendo
430 2575 516 2624 corpus
534 2558 650 2607 ambrosia
699 2565 717 2588 ‘¹
730 2558 793 2608 iactu
814 2559 866 2624 pius
887 2567 911 2607 et
931 2558 1059 2607 sceleratus
1080 2558 1194 2607 eodem.''

154 2631 269 2681 restituit:
299 2632 332 2680 sic
357 2632 398 2682 ille
423 2631 528 2697 quotitbe
553 2632 650 2683 mirifica
699 2633 851 2696 Quamquam
877 2631 993 2681 scelerata
1018 2648 1063 2679 non
1088 2647 1118 2688 ss,
1139 2631 1197 2696 quis

154 2705 282 2753 namtas
317 2706 397 2754 Mater
417 2721 491 2769 quum
511 2721 524 2753 e
546 2705 650 2755 thalamo
699 2706 768 2755 unice
784 2721 849 2754 amas
860 2705 942 2763 tilium,
952 2721 1019 2770 nque
1029 2714 1108 2755 tamen
1121 2707 1144 2754 ei
1156 2722 1195 2754 no-

154 2792 195 2825 nro
208 2777 345 2832 observans,
356 2776 431 2825 filium
448 2777 497 2841 igni
514 2777 649 2841 impositum
699 2779 777 2836 euisti,
788 2794 816 2827 ae
827 2779 846 2827 si
857 2794 911 2828 eum
922 2778 1018 2828 odisses.

154 2849 251 2906 rideret,
269 2851 379 2915 ejulavit.
412 2851 468 2908 Quo
486 2851 558 2907 lacto,
577 2851 651 2899 Ceres
731 2854 788 2901 561.
813 2852 885 2917 Apud
907 2850 1085 2916 Apollodorum,
1103 2851 1197 2913 ἕαυνήν

154 2922 233 2986 ignem
250 2922 371 2979 exstinxit,
384 2923 452 2971 matri
468 2922 593 2972 stultitiam
608 2938 649 2970 ex·
698 2924 803 2992 ilippvr,
819 2941 845 2974 se
861 2925 968 2974 exhibuit
982 2925 1069 2981 Deam,
1082 2925 1154 2989 idque
1171 2927 1196 2974 in

154 2995 282 3060 probravit,
297 3011 370 3060 puero
389 2994 558 3060 Demophonti,
576 3010 650 3060 quum
700 2999 781 3063 hymn.
799 2998 923 3046 Homerico
940 2996 1196 3062 statuissemus

154 3068 309 3117 immortalem
326 3067 423 3117 reddere
435 3069 485 3132 jam
503 3083 549 3115 non
563 3076 649 3133 posset,
700 3079 831 3126 senectute,
853 3078 957 3118 resumta
983 3069 1058 3118 forms
1084 3079 1195 3132 augusta,

154 3140 650 3207 bonnoemincomptumpromisit‚sibique
700 3143 770 3192 odora
791 3150 859 3205 grato
883 3151 908 3190 et
932 3141 1057 3206 splendore
1082 3140 1194 3204 quodam.

154 3229 221 3263 secra
237 3212 328 3262 institui
340 3213 419 3278 jussit.
451 3213 490 3261 Sic
505 3213 588 3278 hymn.
599 3214 649 3261 Ho·
700 3215 747 3263 Hic
765 3216 845 3262 nubem
861 3215 942 3270 trabit,
957 3212 982 3261 id
998 3220 1041 3268 est,
1052 3212 1157 3269 attrabit,
1171 3223 1196 3262 et

154 3289 236 3338 merie.
257 3303 317 3336 vers.
337 3288 483 3346 tas-tw
505 3287 540 3335 sic
561 3288 609 3336 fere
628 3296 651 3335 et
701 3285 1026 3337 inceditcircunrdatanube.
1059 3286 1196 3349 Inquedrn-

154 3361 268 3428 Apnllod.
286 3359 495 3409 Secundumillum
504 3361 652 3422 Triptolemus
701 3378 773 3420 mnes,
786 3369 833 3409 etc.
867 3360 938 3408 Nube
949 3358 1093 3408 circumdata
1106 3359 1130 3408 in
1143 3377 1196 3410 cur·

154 3450 270 3502 sequane
289 3435 442 3492 Celeustuit
461 3434 651 3491 ineolaAtticn,
702 3450 753 3483 runt
764 3433 854 3488 transit,
864 3432 902 3481 eni
917 3433 1030 3481 maeones
1036 3432 1123 3496 juncti.
1156 3435 1195 3482 De

154 3527 203 3560 rer.
218 3512 279 3569 1⁵53
296 3510 426 3558 secundum
436 3509 500 3557 bunc
510 3508 589 3556 senior
598 3510 651 3556 Me·
701 3509 773 3558 sacris
788 3507 811 3556 ei
824 3508 873 3573 jam
890 3509 919 3556 ab
930 3505 1058 3554 Eleusiniis
1071 3506 1195 3565 institutis,

154 3582 318 3632 tanimfilius.
351 3584 422 3630 Hune
433 3581 527 3646 plurimi
543 3580 653 3630 arationis
702 3582 828 3646 dequibus
842 3581 942 3645 hymnus
952 3580 1028 3628 multa
1041 3580 1195 3638 babet,Nos·

154 3666 180 3706 et
193 3656 292 3705 sationis
305 3665 424 3704 auctorem
436 3655 461 3703 in
475 3655 569 3704 Gracia
580 3654 652 3703 iacie-
703 3665 738 3703 ter
753 3655 811 3703 nihil
825 3654 905 3712 tradit,
915 3653 957 3702 sed
970 3654 1103 3719 catalogum
1118 3672 1197 3705 rursus

154 3731 230 3788 bant3
248 3728 361 3777 hordeum
375 3730 405 3777 ab
421 3728 483 3776 eoin
496 3742 552 3790 agro
563 3727 653 3775 libaria
702 3729 805 3777 locurum
816 3726 892 3782 struit,
904 3742 957 3792 quse
969 3727 1024 3775 Des
1032 3729 1198 3792 pererrarerit3

154 3812 233 3851 satum
252 3817 312 3858 esse,
329 3802 458 3851 Pausanias
475 3802 491 3850 ἰ.
507 3803 547 3850 33.
566 3811 653 3851 narrat.
702 3800 870 3850 amabstenim
881 3800 1080 3864 talascatalogns.

156 3877 299 3931 carminum.
307 3875 332 3923 id
339 3883 375 3923 est
382 3875 532 3924 formularum
541 3891 651 3940 quarum·
734 3876 791 3924 563.
809 3874 896 3922 &niun
911 3875 1092 3938 promontorium
1104 3890 1118 3922 a
1128 3885 1196 3940 portu

154 3949 330 4011 tamquarm
341 3963 441 4013 magnus
455 3963 511 3996 usus
524 3958 575 3996 erat
588 3956 611 3996 at
627 3948 652 3995 in
703 3948 790 3996 Piraeo
815 3947 864 3996 xlv.
885 3947 961 3995 millia
984 3962 1094 4012 passuum
1119 3948 1195 4001 abest,

154 4022 226 4070 rebus
244 4020 357 4084 magicis3
368 4022 428 4069 Met.
440 4020 479 4068 rii.
493 4022 536 4069 137
545 4038 552 4080 ;
562 4038 586 4070 x.
596 4021 653 4069 397.
702 4021 815 4084 (Plinius,
824 4020 857 4069 ir.
868 4020 920 4082 ll.)
930 4019 1027 4084 finitque
1037 4021 1061 4069 id
1073 4020 1128 4068 litus
1138 4021 1197 4068 Hel-

154 4094 439 4151 lunainduentur.
451 4096 499 4144 333
510 4110 547 4159 sq.
702 4094 777 4151 ladas,
789 4095 852 4159 quod
867 4103 961 4158 spectat
976 4094 1103 4151 orientem
1122 4092 1196 4147 Mela,

187 4170 245 4218 557.
266 4168 320 4217 Hos
336 4183 463 4231 oxymorou
477 4167 586 4225 Ovidius,
597 4169 653 4218 Me·
703 4167 739 4216 ll.
750 4168 784 4216 iii.
794 4169 834 4217 99.
869 4167 998 4228 Ειρωὶεωη
1013 4165 1131 4223 fluctibus,
1144 4180 1196 4230 pro·
