2806 5018
175 343 241 408 406
478 402 482 410 ,
573 337 830 406 EXCURSUS

176 521 245 580 toto
259 533 342 577 anno
356 518 573 595 superessent,
588 520 623 575 et
636 508 736 575 Indos
755 509 862 593 (Cart.
877 510 943 577 viii·
957 510 1009 586 9.)
1023 511 1082 596 qui
1095 511 1144 576 24
1158 514 1227 576 anui

175 624 284 701 partes
297 614 472 679 habebant:
495 613 611 699 quibus
626 613 745 678 addere
760 614 857 678 liceat
868 612 1154 689 Kamcbatlranos,
1164 615 1227 700 qni,

175 718 352 782 secundum
370 717 494 781 labores
514 737 586 781 suos
607 716 639 780 in
657 737 735 801 agro
754 716 900 790 colendo,
916 737 1040 782 annum
1062 717 1099 780 in
1118 718 1227 782 decen

174 833 282 904 partes
297 819 454 885 dividunt
498 820 641 906 (Voyaqa
655 818 693 882 de
707 819 757 884 Μ.
773 819 871 882 tauta
888 818 1025 904 chuppa
1038 839 1080 882 cn
1096 819 1226 895 suet,

177 931 251 990 lon.
267 921 313 984 iii.
323 944 360 1006 p.
375 922 419 985 17
434 931 466 985 st
480 920 550 1000 18.)
1085 1002 1088 1006 Δ

218 1022 282 1087 IV.
297 1022 446 1087 Fortasse
461 1032 495 1087 et
510 1043 637 1086 oausam
653 1022 747 1107 hujus
763 1022 981 1086 Romanorum
995 1021 1169 1089 divisionis
1182 1045 1225 1086 re

175 1126 280 1210 perire
307 1125 394 1199 licet,
418 1146 492 1208 quae
515 1145 586 1187 sese
617 1124 724 1207 aliqua
750 1123 975 1208 probabilitate
989 1184 992 1189 ,
1008 1124 1225 1189 commendet

174 1228 276 1312 Apud
291 1227 516 1302 Athenienses,
534 1236 570 1290 ut
589 1226 726 1311 populus
748 1227 780 1290 in
799 1227 913 1289 decem
928 1231 1029 1305 φνλὰς,
1047 1234 1086 1289 et
1102 1236 1225 1290 senetur

176 1331 210 1395 in
225 1330 358 1395 totidem
372 1334 523 1409 πρυτανείας
531 1352 541 1400 ;
558 1330 603 1392 ita
614 1328 710 1391 etiam
722 1337 808 1391 totus
823 1326 974 1395 anuusin
986 1327 1112 1390 decem
1126 1338 1225 1411 partes

175 1431 355 1512 (πρυτανείας)
378 1431 498 1495 divisus
521 1440 601 1506 erat,
622 1452 755 1514 quarum
778 1429 899 1513 quaevis
924 1428 1066 1512 triginta
1089 1430 1226 1513 quinque

174 1533 227 1598 vel
242 1554 298 1596 sex
315 1532 385 1596 dies
404 1532 550 1607 habebat,
567 1541 601 1595 et
615 1533 647 1595 in
661 1533 776 1615 quibus
792 1531 924 1615 siugulis
940 1529 1086 1614 singule
1102 1542 1224 1595 senatus

174 1641 306 1715 κρότωνας
314 1633 500 1718 reipublicae
514 1644 682 1719 praeerant.
707 1633 770 1697 Hae
779 1633 856 1702 anui
867 1640 976 1715 partes
987 1631 1093 1715 juxta
1107 1652 1224 1695 menses

175 1744 345 1799 consuetos
364 1736 497 1799 solemni
519 1735 665 1800 divisioni
685 1734 911 1808 inserviebant,
936 1741 974 1795 ut
996 1735 1173 1798 mercedes
1189 1732 1222 1796 nd

178 1854 288 1899 earum
316 1838 458 1901 ordinem
485 1837 695 1910 solverentur,
722 1844 783 1900 etc.
807 1847 841 1899 et
863 1835 943 1919 ipsae
968 1833 1152 1919 aliquando
1173 1855 1224 1919 per

179 1936 313 2001 abusum
328 1943 403 2016 μήνες
418 1948 588 2003 vocantur:
612 1938 685 2002 vide
702 1936 868 2005 Ammonii
883 1936 993 2000 locum
1010 1938 1104 2020 apud
1125 1938 1223 2019 Neap.

178 2038 218 2102 ad
238 2040 260 2104 i.
276 2039 331 2103 29.
347 2062 373 2104 s.
392 2063 422 2103 v.
439 2045 586 2119 «parmata.
632 2038 703 2102 Etsi
724 2038 823 2122 igitur
842 2038 1016 2122 scriptores
1036 2038 1180 2103 Romani
1197 2039 1224 2102 in

176 2138 250 2205 bist.
277 2141 417 2216 Romuli,
441 2142 483 2205 de
509 2140 602 2204 simili
624 2148 753 2204 senatus
777 2139 933 2204 divisione
958 2149 995 2204 et
1018 2138 1151 2225 imperii
1171 2160 1223 2224 per

176 2242 263 2306 vices
285 2245 416 2307 tenendi
442 2265 529 2307 more
556 2242 633 2307 nihil
659 2243 768 2317 edant,
793 2242 904 2306 Ovidii
928 2243 1030 2306 verba
1057 2243 1119 2326 (iii.
1143 2242 1226 2320 12⁷.)

176 2342 309 2408 similem
325 2345 512 2410 divisionem
529 2366 591 2407 non
607 2345 740 2408 obscure
754 2343 908 2407 innuunt:

334 2510 408 2570 Inde
418 2518 535 2590 paresm
550 2522 666 2571 centum
680 2509 766 2569 denos
778 2511 900 2570 secrevit
913 2511 943 2569 in
957 2510 1046 2569 orbes

372 2603 529 2664 Romulus:

176 2760 302 2844 etquid
317 2761 423 2844 igitur,
436 2762 463 2824 si
479 2762 552 2824 anni
567 2770 668 2825 totum
684 2762 792 2825 orbem
808 2762 864 2835 ita,
877 2768 912 2823 ut
927 2761 960 2824 in
971 2760 1226 2826 Atheniensibus

176 2861 246 2924 fieri
267 2862 420 2938 videmus,
441 2886 460 2926 a
481 2862 635 2928 Romanis
658 2863 754 2926 etiam
777 2873 851 2925 ante
875 2862 1031 2937 Numam,
1050 2865 1108 2948 qui
1131 2875 1153 2900 “
1168 2886 1224 2927 om·

175 2964 262 3027 nium
281 2965 407 3049 primus
427 2987 543 3029 aunum
564 2966 610 3028 ad
631 2966 713 3029 lance
735 2987 844 3028 cursus
866 2966 900 3027 in
921 2964 1088 3030 drwdacim
1115 2988 1224 3030 memes

176 3065 312 3130 dictast
331 3089 350 3129 a
367 3077 521 3150 tempore,
539 3089 602 3150 quo
621 3087 759 3150 quaeque
780 3065 906 3129 decima
925 3077 1061 3132 senatus
1081 3089 1158 3151 pars
1175 3069 1226 3129 im·

175 3169 300 3250 perium
316 3170 402 3233 urbis
417 3178 554 3244 teneret,
571 3170 706 3232 divisum
720 3190 792 3232 esse
809 3172 1050 3233 statueremusl
1068 3179 1103 3234 et
1117 3172 1224 3235 decem

174 3291 302 3334 menses
319 3294 422 3355 pares,
435 3273 561 3335 circiter
576 3272 708 3335 totidem
725 3273 850 3335 dierum
866 3292 904 3334 ao
919 3279 1087 3348 πρυτάνειω,
1098 3275 1134 3338 in
1149 3294 1224 3338 auno

177 3372 336 3439 Romuleo
351 3375 588 3458 acciperemus?
613 3374 754 3438 Nomina
769 3374 879 3436 harum
894 3373 1048 3457 partium,
1067 3397 1128 3439 sen
1143 3396 1223 3439 men·

176 3474 287 3550 sium⁰,
297 3477 324 3538 si
338 3477 383 3538 ita
395 3497 449 3540 eas
462 3497 577 3539 vocure
589 3474 676 3548 licet,
688 3496 852 3537 enumero
864 3474 968 3556 petita
979 3496 1056 3539 esse
1068 3487 1222 3559 poterant,

176 3576 324 3658 equibus
341 3578 451 3641 Numa
464 3578 610 3661 quaedam
628 3577 725 3639 etiam
743 3578 776 3640 in
794 3577 959 3640 mensibus
978 3577 1152 3644 lunaribus
1165 3600 1223 3642 ser·

208 3882 226 3906 ¹¹²
237 3875 287 3923 alii
296 3887 383 3938 patras:
395 3877 435 3925 sed
442 3876 672 3942 pnresjureprntuli.
722 3894 778 3927 vero
791 3892 860 3941 reque
872 3877 934 3926 bone
949 3894 964 3926 a
976 3882 1066 3937 metiri,
1076 3898 1167 3930 namus
1175 3897 1224 3933 sun,

209 3956 220 3980 ¹¹
237 3948 364 3997 Derivatnr
381 3949 477 4013 quidem
497 3951 568 4013 vulgo
588 3967 673 3998 nomen
723 3950 823 4006 derives,
834 3951 868 3998 ita
878 3958 906 3999 ut
915 3949 942 4004 ii,
952 3952 995 4016 qui
1007 3955 1081 4018 primi
1093 3955 1139 4003 boc
1151 3967 1224 4003 nomeu

176 4021 264 4072 mensis
273 4038 287 4069 a
297 4023 357 4086 μὴν,
368 4022 403 4070 ita
413 4032 439 4070 ut
451 4023 541 4070 nonnisi
553 4022 583 4070 de
595 4039 674 4073 meme
723 4034 859 4088 posuerunt,
870 4040 918 4073 non
929 4025 1025 4082 lunam,
1037 4029 1083 4077 sed
1095 4029 1224 4078 divisionem

177 4097 253 4149 lunari
265 4096 386 4160 originitus
396 4096 485 4145 dictum
496 4096 534 4144 sit.
569 4097 675 4145 Fortasse
725 4108 815 4147 tantum
826 4097 882 4146 anui
891 4101 1054 4164 respexerint.
