2806 5018
526 379 634 442 lBlS.
1039 378 1105 444 tua

54 549 148 638 Aut,
164 562 207 624 ut
223 549 389 623 olivifera
406 553 597 649 quondam
617 552 781 649 Sicyone
797 550 940 647 fugato,

108 666 169 738 Sit
185 664 301 763 frigus
319 667 449 740 mortis
466 673 582 739 causa
597 665 792 762 famesque
809 679 905 740 tuae:
1030 668 1107 739 320

54 779 148 868 Aut,
167 792 210 854 ut
227 780 431 869 Atarnites,
450 782 597 855 insutus
616 783 715 879 pelle
728 782 881 879 juvenci

107 893 284 992 Turpiter
302 896 349 968 ad
367 897 560 969 dominum
578 896 705 993 praeda
720 895 839 970 ferare
856 908 984 971 tuum:

57 1006 183 1105 Inque
200 1021 264 1083 tuo
282 1012 445 1084 thalamo
462 1013 534 1084 ritu
549 1014 721 1108 jugulere
738 1011 899 1099 Pheraei,

110 1121 186 1206 Qui
204 1125 314 1198 datus
333 1137 392 1199 est
408 1126 484 1198 leto
501 1127 674 1222 conjugis
692 1150 782 1200 ense
801 1151 900 1200 suae:

60 1235 243 1335 Quosque
260 1253 371 1336 putas
388 1240 497 1327 fidos,
517 1253 559 1314 ut
576 1240 779 1314 Larissaeus
796 1241 949 1328 Alebas,
1007 1317 1009 1321 ,
1032 1246 1105 1315 325

110 1351 276 1427 Vulnere
293 1380 369 1427 nou
386 1355 481 1428 lidos
500 1356 693 1452 experiare
711 1369 796 1430 tuo:

61 1464 194 1563 thue
214 1468 346 1556 Milon,
360 1471 431 1543 sub
449 1495 525 1567 quo
542 1473 709 1545 cruciata
724 1485 783 1545 est
800 1473 892 1546 Pisa
908 1484 1079 1571 tyranno,

111 1579 229 1655 Vivus
248 1583 286 1656 in
303 1586 471 1658 occultas
490 1586 734 1683 praeoipiteris
752 1603 892 1683 aquas:

61 1694 235 1794 Quaeque
252 1698 290 1772 iu
308 1699 552 1773 Adimantum
568 1700 736 1774 Phliasia
752 1726 868 1798 regna
884 1711 1076 1776 tenentem

108 1810 171 1884 Ab
190 1811 283 1886 Jove
300 1826 492 1900 venerunt,
511 1827 549 1889 te
567 1839 720 1912 quoque
739 1819 815 1891 tela
833 1827 985 1913 petant:
1031 1821 1105 1888 330

61 2055 133 2105 Ocho
151 2058 227 2123 aliqui
243 2061 334 2109 dictum
344 2061 437 2117 volunt,
454 2062 495 2126 qui
511 2063 562 2109 Da·
646 2066 702 2112 325.
725 2065 827 2127 Qrsorqss
852 2073 920 2124 puter
931 2063 1015 2126 fidos]
1036 2061 1108 2110 Thio-

60 2144 118 2178 reus
132 2140 169 2178 eet
183 2132 275 2193 dictus3
292 2135 360 2198 cujus
374 2134 494 2182 historiam
505 2133 562 2182 Vel.
613 2136 732 2185 damantis
749 2139 811 2186 filim
826 2136 872 2185 luit
887 2136 986 2192 Alebus,
1006 2135 1047 2200 qui
1063 2136 1109 2183 Le·

59 2203 133 2251 Max.
149 2203 192 2253 lib.
205 2205 239 2254 ix.
253 2223 306 2272 esp.
319 2209 343 2255 2.
356 2208 386 2256 de
405 2208 563 2267 crudelitate;
613 2209 676 2258 risse
692 2209 717 2258 in
729 2209 851 2258 Thessalia
862 2209 1006 2257 dominatum
1018 2208 1109 2257 habuit.

60 2275 112 2325 sol.
123 2275 149 2324 ii.
159 2293 214 2342 pag.
226 2281 281 2328 151.
292 2290 365 2328 nostr.
376 2281 434 2329 edit.
613 2283 740 2340 Satellites,
756 2283 844 2332 sirium
859 2282 951 2338 timore,
968 2283 1059 2331 Alebus
1077 2282 1109 2331 ad

96 2348 563 2418 319.Aut,atoliviferu.]Neocles(vel
614 2356 745 2404 custodium
767 2357 879 2412 habebat,
897 2372 956 2419 quoe
980 2356 1040 2404 lidos
1063 2355 1108 2404 sibi

61 2423 191 2486 Nicocles)
209 2427 324 2484 Thuscus,
342 2444 371 2476 err
390 2428 489 2491 Sicyone
510 2427 563 2493 pul·
613 2429 770 2478 existimabat.
797 2429 830 2476 At
849 2430 880 2477 ab
898 2428 955 2495 ipsis
974 2438 1057 2493 postea
1073 2438 1110 2476 est

60 2512 113 2554 sus,
130 2498 239 2550 omuibus
255 2499 310 2549 vitea
328 2499 443 2565 praesidiis
465 2500 564 2548 destitu·
614 2502 765 2562 interfectum
789 2502 843 2550 vide
863 2502 993 2560 Alciatun,
1014 2503 1057 2552 lib.
1077 2501 1117 2552 ui.

61 2581 112 2628 true,
124 2572 186 2620 teme
194 2582 219 2620 et
227 2572 311 2637 frigore
322 2585 420 2623 mortem
430 2573 498 2621 obiit.
614 2576 709 2639 Parerg.
720 2591 773 2641 cap.
784 2578 825 2623 21.

98 2646 157 2694 321.
172 2647 309 2710 Aternum]
325 2648 358 2694 Et
372 2648 403 2696 de
416 2645 514 2695 Hermia
528 2645 563 2694 iu·
647 2652 705 2698 827.
719 2649 792 2713 thue
804 2649 904 2712 Mitem]
916 2648 1021 2698 Milones
1032 2649 1112 2714 plures

62 2718 264 2783 tellige,Atarnae
281 2736 343 2784 rege,
356 2720 405 2769 sire
420 2731 530 2783 tyranno,
539 2728 566 2768 ut
615 2724 686 2772 luisse
706 2733 814 2772 constat:
835 2739 933 2787 quorum
954 2722 1052 2786 quidam
1070 2723 1110 2771 Pi-

63 2803 132 2843 recte
141 2792 243 2842 Turneb.
255 2794 296 2842 lib.
307 2795 341 2841 ix.
354 2794 454 2843 Advers.
464 2808 518 2858 cap.
525 2794 566 2842 26.
615 2812 665 2844 sam
674 2796 755 2847 Elidos
765 2795 849 2850 tenuit,
860 2795 900 2858 qui
911 2795 1011 2843 Pisanos
1020 2797 1112 2844 crucia·

63 2867 146 2916 Addit
159 2881 173 2915 e
188 2867 302 2929 Diodoro,
314 2868 358 2916 lib.
369 2869 419 2916 xvi.
433 2867 565 2923 Turnebus,
616 2871 679 2918 tibus
690 2869 823 2918 adficiebat.
839 2869 947 2916 Tandem
957 2868 1111 2931 inAlpheum

65 2941 200 2998 Hermian,
211 2943 268 3006 quia
285 2958 299 2990 e
314 2942 438 2990 Persarum
455 2957 509 3004 rege
523 2941 565 2990 de·
615 2943 713 2990 fluvium
727 2944 808 2990 Pisam
825 2942 980 3004 profluentem
992 2939 1112 2989 demersus

64 3015 166 3071 secant,
195 3016 379 3066 circumventum
406 3017 436 3064 ab
463 3017 566 3063 Hectore
616 3012 1112 3070 aPisanisest,sivetusrissim0credimus

66 3091 132 3138 duce
151 3089 212 3153 regis
228 3090 362 3146 Persarum,
379 3098 404 3137 et
422 3088 447 3138 in
463 3097 566 3153 potesta·
616 3088 744 3153 interpreti.
783 3088 843 3136 Sunt
864 3096 943 3134 autem
963 3085 1025 3134 Pisre
1042 3087 1113 3151 juxte

68 3171 120 3211 tem
135 3162 265 3211 redactum.
292 3164 326 3212 At
336 3162 398 3227 quod
410 3162 511 3210 Ovidius
526 3161 567 3217 ait,
617 3163 737 3227 Alpheum
757 3162 817 3216 sito,
829 3160 870 3208 ubi
887 3159 937 3207 ludi
949 3159 1057 3223 Olympii
1072 3176 1115 3209 cs·

65 3241 173 3285 insutum
187 3238 246 3297 pelle
255 3240 362 3299 juvenci,
380 3237 405 3285 id
422 3236 453 3284 de
470 3235 568 3284 Hermia
617 3237 776 3285 lebrabuntur.
809 3235 877 3282 Forte
888 3232 982 3295 legend.
993 3232 1046 3280 hio:
1069 3233 1113 3280 Ur-

68 3310 114 3376 qui
131 3310 244 3360 scriberet
258 3311 336 3359 adhuc
352 3309 467 3359 uouvidi.
502 3310 567 3358 Ver..
617 3327 660 3372 qus
674 3313 714 3358 s'lls
725 3312 766 3358 rab
784 3324 834 3371 qno,
848 3316 872 3355 et
886 3303 1066 3369 intelligendum
1083 3308 1114 3358 de

68 3385 160 3432 asna.
618 3383 772 3431 Penteleoue.
795 3381 898 3428 Peusen.
911 3395 964 3444 pag.
975 3381 1114 3430 teo-vm

105 3455 241 3520 mleque
251 3467 289 3505 tuo
298 3455 419 3518 thelame]
428 3453 568 3503 insecundo
617 3457 707 3504 Seuer.

69 3531 211 3582 Officiorum
222 3531 291 3580 docet
302 3531 395 3584 Cicero.
407 3529 569 3577 Alexandrum
651 3533 707 3580 ³29.
719 3531 817 3593 Queqm
828 3532 854 3576 in
865 3524 1034 3590 Adimantum]
1053 3528 1115 3578 Adi.

68 3605 197 3655 Pheraeum
215 3621 310 3653 uxorem
326 3604 424 3652 Theben
441 3601 569 3651 admodum
618 3612 721 3660 mantus,
743 3602 859 3666 Phylotia
886 3616 936 3655 rex,
956 3601 1033 3648 Ponto
1060 3618 1114 3653 con·

69 3677 200 3728 dilexisse:
218 3687 297 3727 tamen
311 3694 340 3727 err
352 3677 428 3742 epulis
439 3675 469 3724 ad
480 3690 533 3723 eam
544 3675 570 3722 in
616 3679 714 3743 junctae,
724 3677 818 3739 sive(ut
827 3675 868 3724 alii
876 3673 1115 3736 volunt)Thessalire‚

69 3749 209 3799 cubiculum
227 3766 300 3815 quum
315 3766 340 3799 se
356 3749 499 3803 conterebat,
516 3748 569 3795 bar·
621 3753 725 3801 Deorum
741 3759 895 3814 contemptor,
912 3749 965 3798 Diis
983 3751 1115 3802 sacnficare

70 3826 157 3873 barum
181 3823 288 3872 districto
307 3823 387 3887 gladio
405 3823 506 3887 jubebat
528 3836 569 3869 au·
621 3826 734 3888 neglexit,
744 3840 770 3873 se
784 3823 841 3889 ipsis
850 3824 960 3887 majorem
971 3823 1114 3887 predicans,

71 3897 146 3947 teire:
158 3896 236 3961 deque
246 3898 398 3962 stipatoribus
409 3897 457 3944 suis
467 3894 570 3960 premit·
621 3915 694 3962 quare
711 3915 726 3946 a
742 3899 803 3947 Jove
822 3897 920 3945 fulmine
941 3897 1002 3945 ictus
1020 3898 1116 3946 interiit.

72 3971 202 4035 tebat,qui
218 3971 344 4020 muliebres
358 3971 451 4019 arculas
467 3985 571 4034 perscru·
622 3972 760 4027 Pausanias,
789 3972 815 4019 in
844 3970 1010 4026 Corinthiacis,
1038 3972 1116 4019 multa

71 4054 188 4105 teruntur.
211 4042 569 4107 Nontameneurnlelellitopi·
621 4045 682 4093 scitu
703 4044 842 4109 dignissima
860 4043 891 4093 de
907 4043 1017 4092 Phliasiis
1038 4043 1117 4106 prodi·

74 4119 128 4168 nio:
147 4120 243 4168 namuh
257 4135 328 4168 uxore
344 4128 438 4183 propter
448 4118 573 4182 pellicatus
622 4117 665 4167 dit.

74 4191 235 4259 suspicionem
243 4202 279 4242 est
289 4192 436 4241 interfectus.
