2806 5018
174 357 218 421 90
466 352 505 418 P.
530 350 691 418 OVIDII
716 351 928 417 NASONIS

179 529 322 602 Usibus
340 526 520 601 admoniti
539 525 701 598 flammis
720 525 896 599 torrenda
913 525 1066 610 dedere,

229 643 428 741 Multaque
446 652 605 740 peccato
623 641 762 714 damna
778 640 898 713 tulere
916 663 997 713 suo.

179 759 279 834 Nam
297 760 409 832 modo
428 759 626 832 verrebant
641 758 767 853 nigras
786 781 854 854 pro
872 755 968 830 farre
985 755 1157 844 favillam

231 874 343 948 Nunc
362 875 464 972 ipsas
484 872 560 970 igni
579 874 793 971 corripuere
812 894 932 944 casas.

181 990 299 1064 Facta
317 989 401 1063 Dea
418 1000 477 1063 est
495 987 669 1060 Fornax:
690 987 765 1059 laeti
785 985 936 1060 fornace
953 987 1078 1059 coloni
1158 989 1230 1061 525

198 1115 201 1127 '
231 1105 364 1191 Orant,
384 1115 426 1177 ut
443 1103 570 1199 fruges
588 1113 776 1200 temperet
792 1102 858 1175 illa
875 1125 974 1174 suaS.

182 1220 298 1294 Curio
313 1220 491 1316 legitimis
509 1243 609 1291 nunc
630 1218 850 1291 Fornacalia
867 1218 990 1290 verbis

230 1335 422 1410 Maximus
441 1333 594 1420 indicit;
624 1357 693 1406 nec
713 1344 812 1406 stata
832 1357 939 1406 sacra
956 1331 1068 1406 iacit:

182 1452 305 1549 Inque
323 1450 415 1536 soro,
434 1449 554 1522 multa
570 1449 713 1520 circum
732 1448 922 1546 pendente
936 1448 1090 1534 tabella,

234 1567 413 1662 Signatur
431 1577 534 1637 certa
552 1564 657 1637 curia
674 1589 837 1663 quaeque
855 1576 967 1638 nota:
1158 1569 1231 1638 530

184 1681 385 1778 Stultaque
403 1704 489 1778 pars
507 1681 650 1777 populi,
666 1705 752 1778 quae
770 1682 820 1755 sit
837 1704 905 1755 sua
922 1680 1039 1766 curia,
1059 1681 1203 1768 nescit3

235 1796 312 1870 Sed
330 1795 420 1869 iacit
437 1807 609 1869 extrema
627 1820 734 1871 sacra
755 1798 872 1871 relata
888 1797 962 1870 die.

184 1911 263 1986 Esr
281 1914 450 1987 honoret
469 1914 643 1987 tumulis:
664 1914 808 1988 animas
827 1915 974 2013 placate
993 1924 1195 2012 paternas;

235 2028 434 2128 Parvaque
452 2029 490 2102 in
509 2030 717 2105 exstinctas
735 2054 891 2104 munera
907 2030 1001 2104 ferte
1019 2053 1148 2128 pyras

184 2255 304 2320 Frequens
331 2255 470 2304 rusticorum
492 2255 613 2320 negotium
633 2265 685 2304 erat
736 2258 850 2320 Temperet
868 2257 964 2322 sntgss,
981 2256 1071 2320 justum
1096 2256 1234 2320 temperiem

184 2334 201 2354 '‘
211 2337 297 2376 torrere
305 2327 354 2390 igni
364 2328 442 2391 fruges
450 2328 587 2392 ctlrnngere
595 2344 652 2377 saxo
661 2330 684 2389 ;”
734 2331 840 2396 frugibus
855 2332 896 2379 det
910 2330 934 2378 in
948 2330 1023 2378 furno.
1057 2327 1165 2386 Quidam
1177 2333 1235 2378 vires

184 2400 273 2465 virgil.
292 2401 379 2465 Georg.
401 2401 417 2448 i.
433 2402 490 2449 267.
523 2402 623 2450 Ustione
644 2402 686 2451 ills
735 2413 848 2467 serperet,
866 2419 914 2452 non
932 2403 1080 2467 improbante
1100 2402 1235 2450 Teubnero.

184 2475 263 2540 fruges
285 2475 377 2524 facilius
402 2476 498 2525 domare
526 2477 685 2542 folliculisque
734 2479 849 2544 legbr'ma
869 2475 1058 2534 sumtormuta
1076 2476 1191 2526 solemnis
1211 2477 1236 2525 iu

184 2549 234 2599 suis
248 2549 347 2604 nudare,
364 2549 421 2613 quin
438 2549 497 2599 adeo
512 2549 542 2599 iis
553 2550 684 2615 jucundum
735 2552 816 2617 eliqua
827 2568 860 2601 re.
877 2551 968 2606 Livius,
979 2550 1013 2598 ir.
1025 2551 1056 2599 9:
1074 2556 1091 2578 ‘⁸
1104 2550 1188 2600 Verba
1201 2549 1236 2599 le·

184 2637 293 2687 saporem
305 2623 430 2672 conciliare
440 2632 558 2688 poterant.
571 2624 686 2688 lleynius,
735 2625 818 2690 gitima
828 2625 966 2674 dedentium
977 2622 1085 2673 urbem.”

185 2712 212 2761 p.
224 2697 283 2745 367.
317 2698 409 2745 Auctor
426 2698 477 2762 ejus
494 2698 527 2746 rei
544 2698 589 2746 luit
603 2715 686 2748 secun·
769 2702 828 2749 529.
841 2701 921 2748 Multa
937 2699 1029 2754 tubelle,
1040 2698 1123 2748 multis
1133 2698 1237 2755 ubertis,

186 2769 243 2818 dum
261 2770 386 2819 Hominum
405 2773 495 2826 Numa,
515 2774 595 2836 quiet
615 2774 687 2822 Deum
736 2772 1235 2838 inquibusscriptum,inquacurieqnss·

187 2843 390 2900 Foruucemlecit,
403 2847 688 2910 quamprecnbnntur,ut
736 2847 772 2896 vis
783 2847 1112 2913 populiparssscrnlaceret.
1135 2847 1236 2896 Omnem

186 2917 212 2966 in
229 2918 364 2967 fornacibus
381 2919 442 2968 farra
457 2929 521 2968 recte
539 2930 687 2970 torrerentur.
737 2921 800 2969 enim
819 2921 933 2985 populum
955 2919 1073 2969 Romulus
1095 2919 1121 2969 in
1141 2920 1237 2984 triginta

187 2991 249 3041 Inde
272 2993 419 3041 Fornacalia.
452 2993 552 3050 Plinius,
574 2994 641 3042 xviii.
663 2997 688 3044 2.
737 2994 815 3043 curias
841 2993 1002 3050 distribuerat,
1023 2993 1111 3058 quibus
1138 2994 1237 3043 totidem

187 3066 285 3116 Festus:
304 3073 319 3093 ‘⁴
331 3066 477 3123 Fornacalia,
493 3067 556 3115 ferire
572 3067 686 3115 institutis
736 3070 805 3115 curie
815 3067 907 3117 scilicet
922 3067 1029 3116 edicula
1045 3068 1185 3133 assignate,
1197 3069 1237 3117 ubi

186 3150 243 3189 sunt
261 3132 329 3189 larris
350 3140 453 3189 torrendi
472 3140 557 3205 gratia,
576 3140 640 3204 quod
655 3140 686 3189 ad
736 3140 837 3188 curiales
857 3140 1019 3197 convenirent,
1036 3140 1067 3189 de
1084 3142 1157 3190 rebus
1175 3157 1236 3191 com·

187 3212 313 3270 fornacem,
333 3230 385 3278 qun
402 3214 427 3261 in
448 3213 551 3278 pistrinis
569 3224 626 3271 erat,
649 3230 685 3263 sa·
736 3212 847 3261 munibus
872 3223 978 3278 agerent,
997 3223 1021 3262 et
1048 3229 1092 3278 per
1117 3214 1236 3263 curionem

186 3285 302 3336 crificiurn
329 3288 379 3336 lieri
406 3287 504 3337 solebat.
549 3288 689 3336 Fornacslia
737 3301 805 3334 suurn
826 3302 893 3336 sacre
914 3288 1027 3336 iacerent.
1060 3287 1172 3352 Triginta
1192 3287 1237 3336 illis

187 3374 256 3407 sacre
277 3369 353 3416 erent,
369 3377 444 3424 quum
461 3361 497 3410 ser
517 3361 542 3410 in
562 3360 688 3410 furunculis
740 3360 876 3409 Curionibus
899 3370 999 3425 preerat
1022 3361 1094 3409 Curio
1116 3361 1237 3410 Marinus.

187 3432 337 3480 unebertss'
355 3433 435 3481 Multo
444 3437 530 3482 domna
537 3435 618 3488 tulere,
625 3449 688 3498 serpe
738 3432 857 3497 Sigonius,
874 3434 933 3483 Ant.
943 3435 959 3483 J
962 3451 997 3483 ur.
1007 3434 1061 3484 civ.
1071 3435 1146 3484 Rom.
1157 3435 1193 3484 11.
1203 3436 1236 3484 iii.

188 3503 282 3569 frugum
290 3506 408 3571 jacturam
423 3506 499 3557 iecere
508 3522 538 3555 er
549 3506 631 3570 ignota
642 3517 688 3554 tor·
738 3524 763 3572 p.
780 3509 820 3556 52.
853 3508 897 3557 Sed
905 3508 979 3571 fucit,
995 3518 1041 3558 etc.
1063 3509 1135 3567 Quod
1154 3511 1236 3576 reliqui

188 3578 256 3627 rendi
272 3581 371 3629 ratione.
405 3582 493 3646 Nigrus
503 3581 613 3645 j'auitlus,
632 3581 689 3644 quia
738 3582 804 3630 circs
814 3581 853 3632 die
863 3582 963 3631 Fornacl
974 3592 1114 3632 consecrato
1124 3584 1236 3640 fecerent.

189 3651 251 3701 lurra
261 3653 351 3703 diutius
361 3654 440 3705 valido
451 3655 499 3720 igni
510 3654 634 3704 dederant.
663 3654 688 3703 Si
739 3655 764 3704 id
790 3655 866 3712 stulti,
888 3671 956 3704 susm
983 3656 1073 3704 curiam
1099 3658 1237 3714 nescientes,

188 3729 240 3791 igni
249 3744 337 3784 servas,
349 3745 390 3794 per
402 3737 477 3777 totum
488 3728 565 3776 locum
579 3727 641 3778 idem
652 3737 690 3776 cst
738 3728 903 3787 Quirinalibus
929 3727 1102 3794 adimplebunt.
1147 3732 1238 3786 Reluu,

188 3799 331 3865 subjectum,
349 3812 374 3849 et
392 3804 521 3862 competere
538 3800 629 3848 dictum
646 3818 688 3866 pro
739 3801 814 3851 diluta
825 3802 849 3850 in
858 3802 921 3851 diem
933 3812 1075 3852 extremum.

189 3872 353 3931 incenderunt,
365 3875 436 3922 verbo
451 3874 481 3922 nb
496 3874 590 3937 ignibus
605 3874 635 3921 ad
651 3875 686 3922 in·
771 3876 910 3925 533-570.
924 3876 1040 3940 rerum]
1055 3878 1112 3926 Mos
1125 3879 1237 3944 antiquus

189 3948 254 3997 nolas
263 3947 385 3996 translato.
737 3956 762 3996 et
780 3948 887 4013 plurimis
906 3949 1016 4013 gentibus
1034 3949 1123 4007 cultus,
1143 3953 1238 4002 mortuis

222 4024 279 4070 525.
291 4021 363 4069 Deum
372 4020 504 4075 Fornacem,
513 4020 620 4086 virosque
632 4022 687 4070 doc·
733 4022 800 4086 justa
812 4021 907 4086 publice
918 4024 1060 4088 persolvere.
1095 4025 1126 4073 ln
1143 4025 1237 4076 Italinm

188 4101 226 4142 tos
243 4093 391 4143 celebrandis
405 4094 572 4143 Furnacalibus
589 4112 687 4161 opernn-
737 4098 864 4146 translatus
875 4107 911 4146 est
921 4099 951 4146 nb
963 4099 1056 4159 AEnes3
1067 4099 1119 4149 vid.
1127 4101 1174 4151 int.
1183 4103 1239 4151 543.

189 4175 225 4216 tus
241 4165 302 4216 ridet
318 4166 465 4220 Lactantius,
479 4167 541 4217 Fsls.
554 4168 687 4220 Rettw.
737 4169 818 4218 Numa
839 4170 971 4237 Pompilius
998 4186 1027 4220 en
1048 4189 1146 4240 qunque
1173 4191 1241 4226 secra
