2806 5018
352 343 609 412 PASTORUM
636 344 725 408 LlB.
748 342 811 410 VI.
1043 350 1108 416 351

51 522 264 595 Tauroni
283 521 473 606 labuntur,
492 518 692 615 tacitisque
711 518 942 593 senescimus
961 523 1089 610 annis3

105 636 156 710 Et
172 635 331 733 fugiunt,
351 636 454 710 freno
472 660 546 709 non
564 645 787 721 remorante,
807 635 901 710 dies,

53 753 180 839 Quam
198 752 272 826 cito
290 762 474 826 venerunt
492 750 666 823 Fortunae
686 749 807 824 Fortis
822 753 1000 830 honores!
1084 768 1086 773 '

104 866 200 943 Post
218 880 365 967 septem
383 870 486 942 luces
504 867 527 939 J
532 867 640 940 unius
657 878 763 940 actus
781 870 862 942 erit.

54 983 128 1070 Ite,
148 985 257 1060 deam
275 985 352 1058 laeti
372 984 521 1057 Fortem
536 982 735 1067 celebrate,
753 980 941 1072 Quirites;
985 1052 988 1057 ,
1026 992 1098 1060 775

106 1098 152 1173 In
170 1099 416 1198 Tiberisripa
433 1123 589 1172 munera
603 1098 701 1194 regis
720 1099 847 1172 habet.

54 1215 152 1289 Pars
170 1217 279 1314 pede,
298 1239 385 1315 pars
403 1216 516 1290 etiam
535 1214 648 1287 celeri
667 1213 854 1288 decurrite
872 1217 1020 1313 cymba,

109 1332 191 1406 Nec
210 1332 351 1431 pudeat
367 1341 478 1431 potos
497 1331 584 1404 inde
602 1331 722 1404 redire
740 1332 906 1403 domurn.

56 1447 169 1522 Ferte
187 1460 372 1523 coronatae
386 1445 568 1545 juvenum
585 1446 753 1519 convivia
769 1447 920 1534 lintres;

109 1563 393 1663 Multaque-per
410 1564 554 1639 medias
571 1563 659 1636 vina
675 1564 851 1637 bibantur
869 1587 1000 1662 aquas.
1027 1568 1100 1637 780

55 1678 174 1753 Plebs
193 1680 281 1753 colit
299 1680 417 1769 hanc;
439 1680 540 1776 qnia,
557 1678 622 1776 qni
641 1681 778 1777 posuit,
795 1678 842 1752 de
861 1679 972 1777 plebe
985 1678 1101 1756 fuisse

109 1794 253 1883 Fertur,
273 1806 377 1869 etex
396 1797 525 1869 humili
545 1807 695 1893 sceptra
712 1796 844 1869 tulisse
860 1796 956 1870 leco.

57 1910 244 1986 Convenit
262 1923 301 1985 et
319 1913 457 2001 servis;
487 1936 595 1985 serva
612 1911 701 2008 quia
718 1911 864 1984 Tullius
882 1922 984 1984 ortus

108 2027 317 2102 Constituit
334 2028 457 2111 dubiae
475 2027 616 2126 templa
633 2025 842 2124 propinqua
859 2026 954 2100 deae.

57 2141 184 2230 Ecca,
204 2144 419 2217 suburbana
436 2143 583 2216 rediens
602 2142 700 2216 male
715 2142 859 2215 sobrius
878 2142 971 2229 aede,
1027 2148 1100 2216 785

107 2258 169 2332 Ad
188 2259 316 2333 stellas
335 2259 469 2355 aliquis
487 2257 577 2331 talia
593 2258 707 2331 verba
719 2258 833 2356 jacit:

56 2505 114 2537 anm
140 2497 199 2544 erat,
219 2504 327 2554 pugnans
352 2489 440 2538 cecidit
451 2489 475 2550 ;”
502 2489 554 2537 Lir.
605 2489 659 2547 cho,
673 2488 703 2538 de
721 2491 785 2538 Fort.
799 2490 871 2539 Rom.
887 2507 913 2555 p.
928 2490 988 2538 266:
1007 2491 1061 2550 Τὴν
1077 2489 1102 2539 δὲ

55 2562 130 2611 urii.
140 2565 180 2613 49.
605 2565 709 2628 rrpdcrpi
718 2564 822 2628 ποταμῷ
830 2563 928 2628 Τύχην,
938 2566 971 2623 ἣν
981 2562 1101 2628 Φόρτικαν

88 2637 226 2684 771-784.
240 2637 311 2684 Sacra
327 2638 435 2685 Fortunae
452 2637 551 2700 Fortia]
605 2637 702 2695 (Reislr.
719 2637 814 2701 conjicit
831 2637 975 2702 Odprrv-vel
993 2637 1101 2702 Φόρτεμ)
1175 2645 1183 2659 ‘

55 2709 95 2758 De
113 2708 184 2758 variis
202 2709 296 2775 templis
315 2711 423 2758 Fortunae
440 2726 455 2758 a
473 2710 553 2758 Servio
602 2713 722 2761 καλοῦσιν
733 2712 808 2777 (ὅπερ
820 2712 888 2761 ἐστὶν
899 2712 1038 2776 ἶσχυρὰν,ἣ
1049 2711 1102 2776 ἀρι-

54 2798 111 2848 rege
119 2782 235 2832 dedicatis
244 2782 298 2831 ride
305 2783 335 2832 ad
345 2799 391 2832 ver.
398 2785 458 2832 569:
471 2785 554 2840 Varro,
603 2784 971 2849 στειπιεὴν,ὴάνδρείαν)ὡςτὸ
977 2788 1102 2846 νικητικὸν

55 2857 87 2906 de
102 2856 171 2920 [ing.
181 2859 236 2906 Lat.
247 2873 270 2906 v.
286 2858 373 2906 “Dies
387 2857 496 2906 Fortunae
512 2873 553 2922 ap·
602 2858 725 2909 ἁπάντων
740 2857 844 2908 κτέανον
862 2860 978 2922 ἔχουσαν.
1014 2859 1100 2907 Tiberi-

54 2930 160 2996 pellatas
173 2945 188 2977 a
202 2931 282 2980 Servio
290 2930 369 2979 Tullio
384 2946 446 2994 rege,
457 2930 520 2994 quod
534 2931 554 2979 is
604 2951 656 2980 nam
675 2942 753 2981 autem
773 2933 839 2980 illam
855 2922 1008 2980 decursionem
1024 2933 1101 2998 ipsum

57 3005 140 3052 lanum
157 3004 232 3053 Portis
245 3005 354 3053 Fortunae
371 3005 501 3053 meandum
514 3004 554 3053 Ti·
604 3006 736 3071 Scipionem
761 3006 901 3054 Africanam
929 3020 1015 3068 magno
1041 3021 1101 3068 gau·

54 3076 212 3126 berimextre
224 3078 304 3126 urbem
319 3077 419 3126 Romam
437 3076 556 3127 dedicavit
604 3079 643 3127 dio
670 3079 795 3135 adfecisse,
819 3089 897 3127 narrat
924 3078 1017 3134 Cicero,
1047 3079 1100 3126 rra.

55 3151 72 3200 J
75 3149 132 3197 anio
142 3149 247 3199 mense.”
275 3150 350 3199 Taciti
361 3149 415 3197 anni
427 3149 555 3214 eleganter,
606 3153 640 3201 ΙΙ.
651 3170 675 3201 ν.
687 3154 729 3200 24.

56 3223 101 3288 qai
116 3223 210 3280 sensim,
221 3225 286 3273 nullo
300 3224 412 3281 tumulto,
423 3224 555 3288 transigas·
638 3227 695 3275 781.
715 3227 826 3289 Pugnant
847 3225 898 3273 bec
915 3240 969 3272 cum
989 3224 1027 3281 iis,
1046 3242 1100 3290 quas

56 3306 106 3345 tar.
140 3296 333 3354 flandrensem.
606 3316 654 3348 ver.
675 3301 733 3348 634.
754 3297 785 3346 de
806 3296 880 3346 Servii
905 3297 994 3361 origine
1015 3298 1102 3347 tradite

91 3371 150 3419 777.
170 3370 283 3437 Neapolis
301 3379 378 3436 putat,
396 3371 471 3420 edem
490 3371 556 3420 illam
605 3384 668 3423 aaut.
703 3373 831 3435 Vulgatarn
852 3369 1011 3427 traditionem,
1034 3387 1102 3421 serva

58 3445 131 3493 luisse
146 3443 171 3493 in
184 3447 278 3508 regione
293 3446 467 3501 transtiberina,
480 3462 555 3510 eoque
605 3464 659 3496 enm
681 3463 732 3497 esse
753 3455 843 3501 natam,
862 3460 1006 3509 parvumque
1024 3445 1101 3510 ipsum

56 3518 129 3567 ivisse
150 3519 273 3568 nonnullos
294 3523 350 3581 pede
376 3536 417 3585 per
444 3530 554 3584 pontem:
605 3521 721 3578 serviisse,
733 3520 805 3568 babet
818 3518 956 3583 Dionysias.
968 3519 1002 3567 iv.
1019 3520 1048 3578 l;
1065 3536 1102 3569 re·

55 3591 132 3656 idque
158 3607 187 3640 ex
214 3592 257 3641 boc
285 3595 336 3658 ipso
362 3595 413 3642 loco
436 3609 557 3659 apparere.
606 3594 666 3643 tellit
677 3594 766 3649 Livius,
777 3593 793 3640 i.
804 3594 844 3642 ³9.

56 3665 144 3715 Potuit
157 3676 182 3715 et
196 3666 221 3715 in
234 3667 340 3716 citeriore
353 3667 404 3732 ripa
417 3683 482 3727 esse;
501 3684 556 3733 quo.
639 3670 694 3717 785.
712 3668 756 3715 VI.
767 3666 882 3715 Kalendas
893 3665 965 3714 Orion
975 3670 1066 3715 an'rar:
1083 3670 1104 3720 ir

57 3738 118 3805 qaia
133 3741 194 3806 pede
211 3740 303 3806 lau'gari
320 3740 439 3797 nolebant,
453 3742 557 3790 secundo
606 3761 660 3791 zona
680 3743 780 3798 cinctus,
800 3741 864 3790 unde
884 3740 977 3805 gladius
1001 3742 1103 3806 pendet;

58 3813 157 3862 flumine
172 3817 240 3863 celeri
252 3817 402 3863 decurrebant
415 3817 502 3878 cymba.
532 3815 556 3863 Si
607 3817 725 3881 Hyginus,
737 3817 793 3864 Ret.
804 3814 837 3863 iii.
848 3816 880 3864 33
890 3834 895 3862 :
915 3822 931 3842 ‘⁸
942 3816 1012 3864 Hunc
1021 3832 1035 3864 a
1045 3832 1104 3866 zona

58 3887 84 3937 ia
94 3888 147 3953 ripa
157 3889 266 3938 ulteriore
277 3889 367 3944 luisset,
378 3888 558 3938 transmisissent
606 3900 632 3940 et
649 3891 739 3954 reliquo
755 3905 851 3954 corpore
869 3888 1040 3953 aequinoctialis
1060 3891 1105 3939 cir·

58 3961 156 4016 flamen,
166 3977 213 4010 non
223 3961 389 4011 decurrissent.
420 3963 495 4028 Prope
506 3978 558 4011 eam
609 3965 677 4013 culus
705 3961 814 4011 dividit.”
856 3961 956 4018 Plinius,
977 3962 1042 4012 xviii.
1063 3967 1104 4014 68.

58 4034 162 4083 aanoU.
171 4035 202 4084 C.
212 4034 393 4084 459.Carriliur
402 4035 473 4084 aliam
481 4035 558 4084 eidem
608 4044 623 4066 ‘¹
635 4035 765 4086 Solstitinm
785 4035 867 4102 peragi
888 4035 913 4083 in
934 4044 1019 4084 octava
1039 4048 1105 4101 parte

57 4107 111 4157 deas
138 4107 215 4156 edem
242 4109 335 4173 posuit5
363 4107 450 4166 Livias,
472 4125 498 4157 x.
519 4109 559 4158 46.
609 4111 695 4160 Cancri
720 4119 745 4158 et
771 4120 854 4158 octavo
877 4109 998 4157 Kalendas
1018 4109 1105 4157 Jnlii”

57 4181 126 4231 Prior
142 4180 185 4231 illa
198 4191 340 4232 memoratur
354 4181 424 4232 etiarn
439 4198 452 4231 a
467 4182 559 4231 Platar·
609 4183 704 4232 tradit..
723 4183 816 4248 Nempe
831 4190 921 4231 reteres
939 4180 1046 4229 cardines
1061 4197 1103 4232 an·
