2806 5018
531 388 639 454 IBIS.
1041 391 1106 458 487

57 559 312 659 Membraque
328 561 531 635 vinxerunt
546 561 678 637 tinctis
695 561 881 659 ferrugine
900 564 1049 661 pannis,

108 676 143 748 A
161 677 258 750 male
277 676 426 750 deserto
444 700 539 774 quos
557 700 714 775 rapuere
732 701 844 772 rogo:
1033 681 1106 750 236

55 790 122 883 Et,
140 817 188 867 ne
206 817 281 867 non
298 792 435 865 fultum
453 793 555 866 nuda
571 793 705 866 tellure
718 794 875 889 jaceret,
1102 797 1105 801 ’

108 907 229 982 Molle
247 931 361 1004 super
378 908 503 981 silices
521 908 734 1004 imposuere
751 919 881 1006 caput.

56 1021 222 1119 Jamque
240 1046 456 1109 recessurae,
475 1024 583 1096 viridi
601 1023 650 1096 de
668 1023 796 1121 stipite
813 1023 934 1098 factas

109 1138 322 1211 Admorunt
339 1140 458 1212 oculis
477 1163 598 1236 usque
617 1140 688 1211 sub
706 1163 771 1212 ora
787 1138 903 1213 faces.
1034 1146 1109 1216 240

60 1253 208 1340 Flebat,
226 1264 270 1325 ut
286 1265 346 1328 est
362 1254 483 1328 infans
501 1254 614 1326 fumis
631 1264 828 1327 contactus
846 1256 994 1343 amaris,

112 1368 173 1442 De
192 1369 311 1442 tribus
327 1381 388 1443 est
404 1393 522 1466 quum
540 1369 594 1442 sic
612 1392 688 1442 una
703 1370 830 1442 locuta
846 1394 971 1445 soror:

60 1483 231 1582 Tempus
248 1485 287 1557 in
305 1485 529 1559 immensum
541 1487 727 1582 lacrymas
739 1486 806 1558 tibi
816 1486 985 1560 vovimus
1002 1489 1107 1575 istas,

111 1597 207 1682 Quae
225 1623 375 1697 semper
391 1625 507 1674 causa
523 1601 732 1675 sufficiente
749 1601 899 1675 cadent.

63 1712 243 1788 Dixerat:
273 1725 313 1789 at
331 1715 469 1788 Clotho
482 1715 598 1813 jussit
614 1716 797 1813 promissa
812 1716 948 1802 valere,
1036 1722 1109 1792 245

115 1828 232 1903 Nevit
248 1839 289 1903 et
305 1830 469 1904 inlausta
486 1831 647 1905 stamina
664 1832 767 1928 pulla
783 1855 918 1920 manu;

63 1942 115 2017 Et
133 1969 181 2018 ne
199 1946 311 2042 longa
328 1971 405 2021 suae
424 1948 607 2045 praesagia
624 1946 768 2021 diceret
784 1947 906 2022 horae:

115 2058 209 2134 Fata
225 2073 337 2136 canet
352 2074 458 2137 vates
476 2063 543 2159 qui
559 2073 637 2148 tua,
655 2062 767 2148 dixit,
786 2062 869 2136 erit.

60 2171 134 2248 Ille
152 2200 223 2272 ego
239 2202 324 2252 sum
341 2189 467 2253 vates:
496 2202 547 2253 ex
564 2202 624 2251 me
641 2190 706 2251 tua
722 2177 875 2251 vulnera
892 2177 1029 2268 disceS,

115 2288 166 2362 Dl
183 2291 294 2365 modo
312 2292 403 2366 dent
420 2292 515 2366 vires
534 2293 571 2365 in
590 2315 675 2367 mea
690 2293 806 2365 verba
821 2316 922 2366 suas.
1036 2301 1110 2372 250

62 2400 384 2504 Carminibusque
403 2408 496 2481 meis
515 2407 698 2482 accedant
715 2407 882 2504 pondera
897 2432 1033 2498 rerum,

115 2516 211 2602 Quoe
229 2531 311 2594 rata
326 2546 393 2620 per
410 2523 535 2596 luctus
552 2523 747 2620 experiere
765 2533 862 2598 tuos.

60 2630 101 2705 N
103 2656 174 2708 eve
190 2635 273 2710 sine
288 2637 475 2736 exemplis
492 2635 560 2710 aevi
578 2637 735 2710 moriare
752 2636 905 2735 prioris3

117 2747 205 2823 Sint
222 2762 288 2825 tua
303 2751 475 2850 TroJanis
493 2777 567 2827 non
585 2753 723 2827 leviora
741 2754 860 2827 malis.

61 2861 294 2964 Quantaque
311 2868 486 2964 clavigeri
500 2869 691 2942 Poeantius
709 2867 884 2941 Herculis
901 2870 1022 2960 heres,
1037 2879 1109 2948 255

115 2978 240 3056 Tanta
256 2997 439 3059 venenato
456 2986 611 3059 vulnera
628 3008 736 3058 crure
753 3008 873 3080 geras.

63 3094 152 3169 Nec
170 3096 288 3172 levius
307 3099 448 3185 doleas,
468 3123 583 3197 quam
602 3100 667 3196 qui
684 3099 779 3170 bibit
795 3100 912 3172 ubera
929 3122 1059 3187 cervae,

117 3211 341 3310 Armatique
358 3214 445 3289 tulit
461 3214 608 3302 vulnus,
628 3213 778 3289 inermis
794 3237 926 3310 opem:

99 3400 162 3449 2³⁶.
174 3401 323 3466 Pompilio]
335 3399 419 3449 Colore
429 3400 514 3449 noctis.
527 3399 567 3449 Sic
616 3398 653 3447 sni
662 3396 774 3462 reliquias
785 3412 832 3445 non
844 3395 1011 3455 indicaturum,
1020 3399 1052 3448 ab
1062 3398 1114 3465 ipso

62 3481 140 3539 poeta
157 3474 217 3522 Met.
234 3488 274 3522 xv.
289 3475 413 3522 ven'ltlll:
432 3479 448 3502 ¹‘
461 3473 569 3523 Carolus
616 3488 659 3537 pro
679 3485 776 3520 munere
792 3471 891 3535 sagittas
908 3471 964 3519 lslls
980 3472 1113 3536 hydraiu·

63 3557 92 3598 et
103 3546 199 3609 vultum
213 3546 332 3612 ferrugine
344 3546 438 3596 Lucifer
447 3555 498 3596 atra
509 3582 515 3594 .
526 3581 532 3596 .
545 3579 570 3596 ..
618 3545 705 3595 tinctas
715 3543 818 3609 accepit,
825 3542 875 3595 rios
886 3542 973 3608 quibus
982 3545 1053 3612 Troja
1060 3547 1114 3613 cupi

64 3622 171 3686 spurcos
186 3620 262 3669 πεῖθ’
288 3621 328 3668 Sic
341 3619 463 3684 Virgilius,
478 3620 569 3669 virsa
618 3625 774 3682 nonpotemt.
790 3619 853 3665 Zia.

66 3696 129 3744 ³⁰8.
139 3693 273 3749 ,charontis
287 3694 398 3760 cymbam
408 3703 479 3743 voert
496 3695 570 3744 serru-
650 3691 707 3740 257.
726 3691 774 3739 Nec
795 3691 866 3738 ἱσυίιω
882 3692 967 3748 dabar,
989 3709 1056 3756 φιωι
1075 3699 1116 3759 qm·

66 3767 175 3833 gisem.
620 3767 674 3814 bibit
686 3768 756 3812 ubero
769 3764 860 3827 esrum]
878 3765 999 3830 Telephus
1008 3766 1060 3818 ἀπὸ
1069 3773 1116 3830 τῆς

103 3841 165 3889 289.
184 3841 221 3889 Dr
238 3843 308 3890 viridi
323 3843 407 3903 sriptu,
423 3840 486 3903 eto]
505 3841 570 3889 Nam
619 3841 700 3900 θηλῆς
709 3840 750 3888 rol
764 3841 808 3888 τοῦ
821 3837 920 3903 ἐλάφου,
930 3840 994 3890 filius
1004 3843 1116 3892 Herculis

66 3916 136 3964 free·
156 3913 244 3964 virides
264 3914 370 3964 infelices
390 3922 454 3971 sunt,
477 3922 570 3979 proptor
620 3921 644 3962 et
654 3913 744 3977 Auges,
755 3912 809 3960 fitis
822 3912 886 3970 Alai,
897 3911 1069 3980 intorrirgulta
1080 3916 1115 3964 in·

68 3991 172 4038 tornum.
620 3996 704 4036 ventus
719 3995 764 4043 ert,
779 3984 880 4034 nutritus
895 4001 910 4035 a
926 3987 1117 4044 corraduntur

102 4061 432 4124 murmuraremus]
449 4058 570 4129 Philoqte-
621 4076 635 4109 a
649 4061 781 4127 pastoribus
791 4060 905 4125 Corytho,
914 4059 1043 4109 Theonis
1058 4060 1116 4123 regi.

70 4147 117 4190 tas,
127 4133 234 4183 Picantis
245 4133 316 4189 filius,
326 4150 355 4182 er
371 4133 488 4183 Maliboen
498 4135 570 4183 urba:
622 4135 688 4183 Dum
709 4150 739 4183 ex
759 4135 855 4183 oraculo
873 4133 1003 4190 didicisset,
1017 4141 1115 4180 matram

70 4207 211 4273 compulsus
222 4210 252 4257 ab
264 4209 368 4259 Hercule
381 4208 461 4273 jurare
472 4207 574 4273 corporis
623 4207 751 4272 tumentem
768 4216 890 4272 paternam
906 4207 973 4264 iram,
984 4206 1020 4257 rel
1039 4205 1116 4272 potius
