2806 5018
472 355 525 420 IN
550 357 709 422 OVIDII
735 357 920 427 FASTOS.
1147 358 1211 423 ³95

172 523 320 608 untiqua3
336 525 405 591 cir.
419 526 498 593 Nat.
511 528 608 593 Deor.
621 531 653 592 ii.
663 529 716 595 26.
745 529 949 597 Ambarvalia
961 528 1015 593 iila
1025 528 1110 610 (Tib.
1119 530 1152 593 ii.
1166 530 1212 607 l.)

171 624 289 708 quibus
304 628 439 712 junctim
462 650 534 694 oum
549 632 665 695 Libero
686 631 871 715 plerumque
892 631 977 695 onlta
991 638 1051 705 est,
1067 630 1105 694 ad
1123 641 1210 697 veta·

172 748 244 791 rum
255 729 325 812 ejus
336 730 368 794 in
382 729 477 795 Italia
488 732 607 795 cultum
619 735 777 814 pertinere
787 733 945 805 videntur,
957 754 1053 815 quum
1067 732 1214 797 Cerealia

175 838 286 895 oontra
303 831 421 894 urbana
435 853 562 914 prorsus
575 854 662 897 more
675 832 792 896 Graeoo
804 833 1050 906 celebrarentur,
1064 843 1098 896 at
1112 855 1132 896 u
1146 834 1213 899 De·

172 931 296 995 metriiu
308 931 493 997 Graecorum
505 935 641 1018 repetita
657 944 780 1008 assenl;
795 935 864 999 Cio.
878 957 935 1017 pro
948 934 1060 1007 Balbo,
1075 957 1144 1018 oap.
1157 935 1211 1001 24.

218 1032 268 1106 si,
288 1035 374 1116 quod
396 1044 516 1100 certum
540 1045 599 1109 est,
618 1037 684 1098 vita
704 1037 866 1119 pastoritia
889 1057 1034 1119 agrorum
1055 1038 1212 1103 culturam
1297 1076 1305 1083 ·

175 1132 208 1195 in
224 1131 317 1197 Italia
332 1137 504 1217 praecessit,
515 1137 644 1201 numina
658 1137 718 1200 bno
733 1139 919 1221 spectantia,
933 1147 968 1202 ut
983 1138 1081 1202 Palea
1095 1145 1130 1202 el
1144 1139 1213 1223 Ope

175 1235 260 1300 sorta
281 1237 376 1301 etium
396 1240 574 1322 antiquiora
593 1247 666 1303 sunt
685 1240 745 1303 illis
765 1240 898 1303 oultnrae
918 1239 1109 1312 auctoribus,
1123 1249 1158 1302 et
1172 1241 1213 1304 ad

176 1337 277 1402 vitam
290 1339 358 1402 fere
374 1341 572 1404 nomadicam
588 1341 760 1405 ascendere
773 1349 912 1424 possunt.
944 1339 1056 1404 Palilia
1071 1341 1123 1404 illa
1133 1341 1212 1421 (vid.

176 1438 266 1505 Fari.
282 1439 324 1504 iv.
339 1439 428 1517 721.)
441 1442 511 1525 ipsa
525 1442 630 1506 Roma
646 1442 823 1525 antiquiora
841 1442 1022 1506 memoriam
1041 1442 1129 1505 nobis
1148 1464 1214 1505 ser·

176 1551 293 1606 uarum
314 1541 417 1615 Polie,
434 1543 476 1606 de
499 1565 562 1626 qno
585 1544 713 1606 numine
738 1552 802 1607 tarn
825 1564 935 1627 purum
960 1543 1071 1628 liquet,
1088 1552 1123 1607 nt
1145 1544 1215 1608 alin

176 1642 306 1715 femina.
324 1642 392 1707 aliis
406 1666 474 1708 mas
488 1646 643 1719 videatur,
661 1646 744 1729 qnod
761 1646 801 1710 ad
817 1646 979 1729 antiquam
997 1654 1145 1720 statuam,
1160 1667 1215 1709 ou-

171 1743 228 1827 jue
249 1766 345 1808 sexus
364 1768 427 1810 non
447 1747 580 1829 amplius
598 1749 782 1830 apparebat,
796 1750 895 1813 refert
910 1748 962 1811 Ill.
978 1748 1076 1812 Lena.
1092 1749 1132 1812 ad
1148 1747 1168 1812 l.
1184 1770 1215 1812 o.

178 1843 323 1911 Plurima
342 1869 382 1912 eo
400 1849 546 1921 redeunt,
563 1849 772 1932 procreationi
789 1858 824 1913 at
837 1850 1033 1934 generationi
1049 1870 1118 1912 eum
1133 1871 1214 1933 prm·

177 1945 288 2022 suisne,
305 1949 389 2032 qnod
411 1959 444 2015 et
465 1950 568 2033 ipsum
589 1950 663 2013 sesti
683 1971 795 2014 nomen
816 1951 954 2024 indicat;
976 1972 1037 2015 non
1057 1951 1141 2015 enim
1158 1971 1214 2034 pru

177 2049 313 2134 pecudis
328 2051 440 2125 solnm,
459 2052 516 2115 aad
531 2060 565 2114 et
583 2051 747 2114 mulierum
763 2052 969 2125 fecunditate,
986 2073 1025 2115 eo
1044 2051 1126 2116 festo
1140 2060 1217 2119 volu

178 2162 329 2235 suscepta
344 2152 505 2236 legimus‘,
521 2161 555 2216 et
572 2153 671 2217 altera
685 2154 839 2236 scriptura
855 2153 985 2216 Parilia
998 2161 1032 2234 (a
1049 2151 1217 2235 pariendo)

179 2251 240 2315 boo
255 2261 365 2335 aperte
380 2254 491 2317 innnil.
536 2253 735 2336 comparatis
748 2253 890 2337 pluribus
906 2255 1043 2328 vocibus,
1058 2253 1135 2316 ubil
1148 2266 1182 2316 et
1195 2275 1215 2315 r

179 2363 375 2418 commutata
396 2365 481 2429 aunt,
495 2365 529 2418 el
548 2356 581 2418 in
599 2377 631 2418 se
651 2341 787 2418 invicem
810 2356 965 2428 abierunt,
981 2355 1098 2436 (aterio,
1114 2355 1213 2427 oaelia,

177 2459 279 2536 belem,
295 2456 410 2530 lilinm;
433 2457 475 2519 cs.
490 2458 573 2540 qnod
591 2456 687 2520 Ovid.
701 2464 803 2519 tentat
817 2457 858 2519 de
876 2456 1036 2521 Remuriis
1050 2467 1084 2532 et
1099 2454 1216 2520 Iamn-

176 2561 248 2639 riis)
266 2559 326 2642 ipsi
346 2559 510 2642 soriptnrae
526 2558 624 2621 Palea
642 2566 674 2621 el
691 2558 813 2621 Palilia
833 2558 912 2621 hano
934 2557 1093 2623 notionem
1113 2558 1216 2622 inoaao

178 2665 251 2727 fere
267 2662 442 2724 crederem.

229 2763 309 2846 Opia
325 2782 438 2824 nomen
450 2760 576 2824 divitiae
587 2769 621 2824 et
632 2761 824 2844 opulentiam
839 2761 934 2843 prisci
949 2761 1081 2825 hominia
1095 2761 1216 2836 ruatioi,

180 2886 256 2950 quae
278 2864 310 2926 in
332 2864 380 2926 rei
403 2862 561 2946 pecuarioe
586 2871 619 2925 et
642 2883 776 2945 gregum
796 2861 956 2925 affluentia
976 2870 1051 2924 totae
1075 2882 1217 2944 oompre·

180 2966 412 3038 hondebantnr,
432 2964 552 3027 reterre
571 2964 706 3040 videtur.
752 2963 821 3045 Ops
843 2984 913 3026 esse
933 2965 990 3035 nis,
1006 2961 1082 3034 ovio,
1101 2970 1136 3024 ut
1153 2967 1217 3032 lale,

181 3069 273 3151 daps,
302 3077 336 3130 et
365 3087 384 3129 a
410 3067 535 3149 pecude
563 3065 603 3128 ad
632 3085 757 3128 omnem
785 3063 1015 3147 possessionem
1044 3061 1218 3142 antiquitus

181 3169 367 3234 translatum
393 3189 464 3232 esee
484 3167 552 3250 jam
574 3167 659 3249 prius
681 3167 834 3230 monitum
857 3162 939 3239 astf3
968 3164 1032 3226 vid.
1055 3161 1152 3226 Voss.
1176 3161 1217 3225 ud

215 3373 226 3399 ⁸
241 3364 330 3415 Tubuli·
349 3363 383 3412 11.
397 3381 421 3411 v.
431 3364 477 3411 91:
498 3362 528 3410 Et
542 3362 609 3426 satur
628 3380 675 3409 mn·
726 3357 796 3408 ruinis
810 3357 883 3423 eopia
896 3358 1058 3412 versabantur,
1069 3354 1219 3417 πολύμηλοι,

182 3453 250 3491 trono
260 3440 330 3494 «labit.
341 3447 387 3486 ete.
404 3438 501 3486 Festus:
521 3436 607 3484 Parilia
619 3435 677 3484 teuta
727 3431 867 3496 weltinpurc
881 3430 944 3496 apud
957 3431 1083 3478 Homerum
1100 3443 1162 3492 repo
1175 3442 1217 3476 uo-

181 3513 228 3564 uibi
238 3509 676 3575 observandajndicautpriratimipra
726 3506 812 3554 tionem
829 3504 928 3552 divitum
944 3504 1057 3568 probent,
1072 3510 1098 3550 nt
1113 3500 1168 3550 inde
1180 3517 1219 3562 pe·

181 3603 277 3654 quoqne
295 3601 414 3651 puerpera
432 3584 495 3632 dorni
512 3583 535 3630 in
555 3582 641 3638 stratis,
652 3591 678 3631 ut
726 3584 796 3629 enoria
807 3579 900 3634 dicitnr,
911 3588 936 3626 nt
947 3577 1010 3642 apud
1019 3579 1146 3625 Homerum
1159 3575 1219 3640 πρό-

181 3660 297 3729 parieudo
308 3661 337 3706 ab
348 3659 377 3706 iis
389 3657 544 3705 stabiliantur.
570 3656 607 3703 De
619 3655 678 3703 votis
726 3652 794 3714 βατα
811 3668 863 3716 qua
880 3649 1008 3714 κειμηλίοις
1023 3658 1179 3715 opponuntur,
1196 3658 1221 3697 et

181 3751 225 3801 pro
236 3733 333 3798 peenffls
344 3744 419 3795 partu,
430 3729 483 3777 vine
494 3729 564 3777 etiam
575 3729 677 3792 Dionys.
727 3726 843 3790 hodieque
860 3725 945 3789 passim
966 3726 990 3772 in
1008 3723 1136 3774 Germania
1157 3725 1220 3770 tauri

182 3809 202 3857 i.
212 3810 254 3856 88.
266 3815 291 3856 et
302 3805 372 3855 ovid,
384 3805 429 3852 l.o.
726 3799 778 3847 κατ’
787 3800 880 3862 ἐξοχὴν
889 3802 929 3846 ‹lnr
940 3798 990 3847 Gal
1001 3797 1161 3850 vocantur,ita
1170 3811 1220 3858 opu

216 3880 224 3914 ¹
240 3882 279 3929 Ab
298 3883 349 3944 ipsa
366 3880 440 3926 forma
456 3877 507 3941 opis
578 3875 629 3923 ovis
643 3883 679 3922 ert
727 3881 807 3936 postea
816 3873 845 3920 de
852 3871 1126 3935 omnibns‚quaecumque
1134 3869 1221 3935 aliquia

182 3953 265 4020 opilio,
285 3968 391 4018 proquo
415 3959 441 3999 et
465 3949 535 3998 ovilio
556 3948 678 4014 reperitur.
727 3945 854 4009 possideat,
867 3944 914 3993 diei
928 3952 1050 4009 coeperunt
1058 3962 1065 4005 5
1085 3943 1133 3991 vid.
1149 3943 1220 3990 Vara.

181 4027 244 4076 lude
258 4026 391 4092 opulentus.
408 4025 484 4089 inops.
517 4024 551 4072 Ut
567 4030 646 4070 antem
664 4038 679 4069 a
728 4020 909 4086 epirt.mytb.i.
922 4021 959 4068 17.

182 4101 285 4167 pecude,
298 4100 381 4163 inquo
397 4114 476 4147 omnes
490 4097 536 4146 lere
552 4094 622 4160 prisci
639 4094 678 4143 bo·
