2806 5018
301 364 365 430 188
583 358 623 426 P.
645 358 807 427 ovmll
830 357 1042 426 NASONIS

303 539 366 611 Sic
385 560 476 634 ego:
505 537 559 608 sic
578 533 716 620 Erat03
747 532 887 606 mensis
905 530 1136 630 Cythereius
1152 530 1210 604 illi
1280 537 1342 606 195

354 652 495 738 Cessit,
514 651 616 749 quod
633 651 752 725 teneri
771 672 907 723 nornen
924 647 1062 722 amoris
1079 647 1219 723 habet:

304 767 472 841 Reddita
490 766 652 841 Saturno
671 790 751 839 sors
769 766 852 838 hoec
870 774 971 838 erat:
998 763 1142 861 optime
1159 786 1304 861 regum,

353 884 387 955 A
407 894 494 957 nato
512 883 671 980 sceptris
690 880 883 955 excutiere
900 879 990 953 tuis.

305 998 375 1074 ille
394 1021 501 1071 snam
514 1010 701 1082 metuens,
715 1007 758 1069 ut
774 1018 936 1093 quaeque
954 1003 1035 1068 erat
1052 992 1168 1079 edita,
1186 994 1326 1092 prolem

357 1113 540 1203 Devorat3
571 1114 784 1187 immersam
801 1111 1083 1207 visceribusque
1099 1119 1223 1184 tenet.
1282 1115 1346 1182 200

306 1231 418 1328 Saepe
437 1230 546 1304 Rhea
558 1239 695 1326 questa
712 1238 771 1300 est
787 1226 900 1300 toties
913 1224 1088 1311 fecunda,
1099 1247 1172 1300 nec
1189 1249 1347 1323 unquam

356 1345 492 1432 Mater,
512 1356 551 1419 et
568 1343 728 1417 indoluit
745 1341 934 1416 fertilitate
952 1365 1033 1415 sua.

304 1459 456 1558 Jupiter
472 1471 575 1532 ortus
593 1469 694 1532 erat:
724 1481 792 1555 pro
810 1479 947 1552 magna
962 1467 1060 1530 teste
1077 1466 1250 1531 vetustas

357 1574 555 1648 Creditur:
584 1583 780 1670 acceptam
797 1595 911 1670 parce
928 1595 1077 1647 movere
1091 1571 1223 1647 tidem.
1244 1625 1247 1629 -

306 1690 422 1763 Veste
440 1691 563 1762 lateus
581 1712 714 1762 saxum
732 1688 877 1762 coelesti
893 1687 1037 1763 viscere
1055 1687 1178 1763 sedit:
1280 1690 1350 1760 205

359 1805 423 1880 Sic
442 1805 587 1902 genitor
604 1804 689 1880 fatis
707 1805 953 1903 decipiendus
971 1814 1063 1879 erat.

309 1920 439 1996 Ardua
450 1922 674 2020 jamdudum
693 1931 842 1996 resonat
858 1920 1057 1994 tinnitibus
1076 1919 1158 2008 lde,

359 2036 480 2112 Tutus
498 2050 540 2113 ut
557 2038 688 2112 infanti
707 2039 834 2134 vagiat
851 2062 915 2112 ore
933 2061 1037 2135 puer.

345 2210 399 2259 19⁵.
415 2209 517 2258 Eratos
528 2209 637 2274 Virgilio,
648 2209 706 2257 AEn.
717 2208 756 2257 vii.
767 2209 808 2257 37.
857 2211 911 2268 dit3
928 2211 1012 2257 vim
1029 2205 1142 2255 Heinsius
1158 2221 1190 2255 en
1208 2222 1256 2256 nnc
1269 2205 1353 2255 zutet.

309 2298 352 2347 pro
367 2297 517 2346 quacumque
527 2284 600 2331 Musa
613 2283 750 2342 invocatum
766 2280 806 2331 sed
857 2282 932 2331 dedit.
955 2281 980 2329 Si
988 2281 1046 2346 quid
1056 2279 1203 2329 mutandum
1214 2281 1354 2344 essemu-

311 2355 399 2403 Nuster
408 2355 439 2402 de
454 2354 569 2403 industria
584 2370 638 2403 earn
653 2355 734 2420 elegit,
744 2355 807 2419 ejus·
858 2356 913 2406 dem
930 2370 985 2404 cnm
996 2355 1141 2403 Maesrineso
1156 2361 1183 2403 et
1199 2353 1293 2404 duobus
1307 2353 1354 2402 eliis

311 2443 358 2491 que
374 2426 481 2476 deiectus
494 2442 590 2476 caueam
606 2428 684 2477 reddit
700 2428 809 2494 probabi·
858 2432 953 2496 gurgite
961 2429 1102 2494 preierrern.
1125 2427 1354 2494 cmgsrgtuesin

312 2500 366 2549 lem.
400 2502 499 2567 Propter
511 2519 591 2550 nomm
605 2505 686 2551 smmis
703 2504 810 2552 eamdem
860 2518 906 2551 non
924 2502 987 2552 male
1001 2500 1151 2567 componitur
1160 2510 1254 2560 venter,
1269 2501 1310 2567 qni
1326 2508 1355 2549 ur

312 2582 337 2622 et
348 2575 401 2623 Art.
413 2576 495 2623 Amat.
506 2574 531 2624 ii.
546 2577 584 2625 16.
597 2576 642 2624 sibi
659 2577 741 2626 adesse
752 2578 811 2626 vult.
857 2578 908 2644 jam
926 2576 1011 2626 liberos
1026 2574 1114 2624 hausit.
1148 2574 1190 2624 ste
1208 2592 1354 2642 mgente-

313 2648 400 2697 Sortem
415 2648 481 2696 illam
491 2648 554 2698 coeli
565 2658 588 2699 et
597 2651 685 2706 Terra,
697 2651 811 2715 antiquis-
861 2654 911 2708 trr's,
925 2652 1027 2700 Metam.
1043 2648 1094 2698 viii.
1111 2650 1169 2698 343.
1207 2650 1272 2699 Veste
1290 2651 1356 2697 deun

312 2721 422 2770 simorum
441 2731 530 2779 vatum,
548 2739 597 2788 qna
619 2724 692 2772 fatale
710 2725 812 2773 Saturno
860 2742 937 2773 susam
954 2724 1072 2788 Hyginus,
1083 2720 1132 2772 fab.
1145 2724 1201 2772 139.
1213 2725 1311 2786 lapides·
1324 2726 1356 2769 ie·

313 2805 363 2844 erat
384 2812 399 2844 a
420 2797 468 2845 filio
487 2797 586 2855 domari,
604 2799 676 2847 habet
694 2799 812 2847 Hesiodus
861 2800 962 2846 volutum
973 2806 1050 2853 vocat,
1061 2796 1141 2845 Greci
1151 2795 1227 2846 atton
1236 2796 1356 2862 inme

313 2869 404 2935 Tbeog.
419 2873 488 2931 464.;
505 2871 585 2920 confer
600 2872 777 2938 Apollodorum,
790 2873 811 2921 1.
862 2871 984 2937 νωμὲνον.
1007 2869 1136 2919 Proeirernt
1146 2869 1358 2932 Hesicdns'l'beug.

313 2943 329 2992 i.
340 2946 364 2993 3.
399 2945 483 2993 Errasti
499 2949 598 3008 sceptris,
614 2954 641 2994 ut
657 2947 759 2994 Metam.
772 2963 811 2995 xv.
862 2948 919 2994 435.
946 2945 1048 2993 Nomine
1066 2942 1160 3009 proprio
1174 2942 1237 3009 lepis
1252 2943 1296 2993 ille
1310 2943 1356 2991 die·

314 3018 372 3067 524.
382 3023 456 3067 excuti
467 3037 548 3068 curru.
576 3020 719 3085 immergere,
726 3023 811 3068 demn-
862 3029 900 3069 tus
920 3017 1041 3082 βαίτυλος
1060 3024 1086 3066 et
1100 3018 1198 3066 staur.
1220 3017 1286 3066 vids
1303 3018 1359 3066 Ber·

312 3109 375 3157 gere,
390 3110 497 3158 mergere,
511 3092 626 3142 solemnia
642 3093 673 3142 de
691 3093 759 3150 cibis,
771 3095 812 3159 qui
862 3108 983 3140 mannum.

315 3165 472 3228 devorantur;
490 3167 542 3216 ride
557 3167 587 3215 ad
600 3168 702 3216 Metam.
715 3168 745 3216 vi.
756 3169 813 3217 646.
894 3168 952 3216 207.
967 3166 1005 3215 De
1026 3163 1094 3215 Juris
1112 3163 1191 3229 patris
1208 3163 1357 3230 dimtnbmt

316 3241 446 3290 Devoravit
467 3251 547 3291 autern
569 3243 684 3292 Saturnus
705 3244 812 3300 Vestam,
862 3250 962 3295 veteres,
972 3254 1046 3304 quum
1057 3245 1082 3286 et
1090 3237 1218 3287 Cretenses
1226 3237 1359 3290 etArcndes

315 3317 435 3373 Cererem,
451 3317 578 3374 Jnnonem,
597 3316 732 3374 Plutonem,
746 3317 812 3381 Nep·
863 3315 915 3380 ejus
928 3314 1019 3363 natales
1036 3313 1067 3361 ad
1084 3328 1110 3361 se
1126 3312 1257 3370 traherent,
1268 3313 1325 3378 quin
1340 3321 1361 3359 et

316 3400 409 3440 tunurn.
864 3388 969 3453 Phryges
983 3388 1008 3435 in
1023 3385 1159 3436 cemsninis
1172 3386 1313 3435 ”dietatem
1323 3399 1359 3432 ve·

348 3466 407 3511 203.
424 3465 527 3511 Metam.
544 3464 562 3511 i.
581 3465 643 3512 400:
664 3471 679 3492 ‘¹
691 3463 752 3523 Quis
769 3464 814 3512 boc
864 3464 949 3512 nireut.
992 3463 1030 3511 Ne
1057 3462 1184 3510 Cretenses
1210 3459 1308 3526 quidem
1333 3457 1360 3505 de

316 3536 406 3590 credat,
426 3535 471 3584 nisi
488 3536 519 3584 sit
535 3552 577 3601 pro
599 3546 658 3586 teste
676 3546 781 3586 vetustas
788 3538 814 3585 1”
864 3545 944 3585 monte
960 3542 1143 3594 consenserunt3
1160 3548 1268 3598 namque
1277 3531 1361 3581 eliisin

318 3608 358 3655 ubi
380 3607 418 3655 adi
440 3616 488 3656 not.
534 3610 634 3673 Magna,
656 3611 730 3674 gravi.
774 3610 815 3657 Fi·
865 3611 947 3668 Dicta,
965 3610 1018 3658 aliis
1033 3610 1057 3657 in
1073 3608 1118 3657 Idu
1135 3616 1207 3657 natus
1223 3607 1362 3662 dicebam

318 3685 356 3730 des
371 3681 442 3730 etiam
458 3682 491 3737 id,
510 3683 573 3746 quod
594 3684 660 3741 facit,
680 3693 706 3732 ut
725 3684 815 3748 aliquid
867 3685 929 3734 nude
943 3701 996 3733 mox
1013 3684 1130 3739 Dictreus,
1140 3698 1196 3732 nrux
1207 3681 1290 3731 ideas
1300 3695 1363 3730 ruce-

318 3769 360 3820 pro
380 3771 434 3803 vero
455 3755 591 3812 habeamus,
613 3758 668 3806 inde
688 3757 731 3806 hoc
753 3758 814 3814 ioco,
866 3770 911 3808 tur.
960 3760 1071 3807 Fluctnst
1101 3757 1174 3806 etism
1203 3756 1364 3807 Callimachus

317 3828 420 3877 traditio.
453 3830 488 3877 Ea
505 3841 615 3887 mouetur,
631 3833 726 3896 qnando
741 3832 815 3881 dubia
865 3833 952 3898 hymno
968 3835 1023 3883 Jov.
1036 3832 1067 3880 iv.
1079 3832 1102 3880 6.
1136 3831 1207 3880 Hanc
1224 3829 1292 3879 iitern
1309 3845 1363 3878 nnn·

317 3902 432 3952 redditur.
461 3904 543 3961 Parce,
557 3903 613 3952 noli.
645 3905 814 3962 Veste—sedin
865 3908 924 3956 nulli
935 3907 969 3957 ita
979 3906 1086 3954 dirimere
1097 3905 1233 3962 voluerunt,
1244 3912 1273 3955 ut
1282 3906 1363 3955 Juresn

316 3977 342 4025 in
356 3992 379 4025 re
397 3984 453 4024 nota
466 3993 521 4026 usus
536 3986 571 4025 est
587 3993 679 4026 summa
692 3980 815 4028 brevitate.
865 3983 890 4029 in
900 3980 974 4028 Dicta
982 3988 1073 4036 netum,
1084 3978 1109 4026 in
1118 3977 1163 4026 lds
1173 3978 1306 4028 educatura
1317 3992 1365 4026 eser

318 4050 814 4118 ProJoveRbeasaxumeiobtulit,quud
865 4053 1042 4103 contenderent.
1075 4053 1106 4100 Et
1123 4053 1174 4117 jam
1196 4053 1263 4119 apud
1285 4053 1365 4101 Hesio·

317 4125 358 4175 iile
378 4125 507 4174 devoravit.
537 4124 584 4173 Sed
601 4136 672 4192 poeta
687 4144 729 4192 pro
745 4138 813 4176 anre·
864 4127 920 4176 dnm
931 4128 1022 4191 Theog.
1035 4128 1091 4175 433.
1101 4126 1205 4191 primunr
1215 4127 1366 4175 absconditur

316 4198 416 4250 cedente
431 4200 510 4265 posuit
524 4215 677 4266 consequens,
689 4206 770 4252 viscere
781 4220 812 4251 su·
864 4201 888 4251 in
908 4211 976 4251 antro
997 4200 1072 4266 Lycti¹
1095 4200 1184 4250 deinde
1203 4201 1324 4251 educatu
1343 4198 1367 4247 in
