<?xml version="1.0" encoding="UTF-8"?>
<!DOCTYPE html PUBLIC "-//W3C//DTD XHTML 1.0 Transitional//EN"
    "http://www.w3.org/TR/xhtml1/DTD/xhtml1-transitional.dtd">
<html xmlns="http://www.w3.org/1999/xhtml" xml:lang="en" lang="en">
 <head>
  <title>
</title>
<meta http-equiv="Content-Type" content="text/html;charset=utf-8" />
  <meta name='ocr-system' content='tesseract 3.04.00' />
  <meta name='ocr-capabilities' content='ocr_page ocr_carea ocr_par ocr_line ocrx_word'/>
</head>
<body>
  <div class='ocr_page' id='page_1' title='image "./povidiinasoniso03burmgoog_0079.png"; bbox 0 0 2806 5018; ppageno 0'>
   <div class='ocr_carea' id='block_1_1' title="bbox 182 359 937 427">
    <p class='ocr_par' dir='ltr' id='par_1_1' title="bbox 182 359 937 427">
     <span class='ocr_line' id='line_1_1' title="bbox 182 359 937 427; baseline 0 -1"><span class='ocrx_word' id='word_1_1' title='bbox 182 361 226 426; x_wconf 82' lang='lat'>78</span> <span class='ocrx_word' id='word_1_2' title='bbox 477 362 515 425; x_wconf 92' lang='grc' dir='ltr'>Ρ.</span> <span class='ocrx_word' id='word_1_3' title='bbox 540 360 701 427; x_wconf 87' lang='lat' dir='ltr'>OVIDII</span> <span class='ocrx_word' id='word_1_4' title='bbox 726 359 937 426; x_wconf 75' lang='lat' dir='ltr'><strong>NASONIS</strong></span> 
     </span>
    </p>
   </div>
   <div class='ocr_carea' id='block_1_2' title="bbox 179 532 1226 3047">
    <p class='ocr_par' dir='ltr' id='par_1_2' title="bbox 180 532 1053 745">
     <span class='ocr_line' id='line_1_2' title="bbox 180 532 1053 630; baseline 0.002 -26"><span class='ocrx_word' id='word_1_5' title='bbox 180 532 451 630; x_wconf 84' lang='lat' dir='ltr'>Attonitusque</span> <span class='ocrx_word' id='word_1_6' title='bbox 469 545 573 606; x_wconf 87' lang='lat' dir='ltr'>metu</span> <span class='ocrx_word' id='word_1_7' title='bbox 592 533 723 608; x_wconf 89' lang='lat' dir='ltr'>rediit:</span> <span class='ocrx_word' id='word_1_8' title='bbox 753 545 796 607; x_wconf 92' lang='lat' dir='ltr'>ut</span> <span class='ocrx_word' id='word_1_9' title='bbox 812 557 915 630; x_wconf 80' lang='lat' dir='ltr'>saepe</span> <span class='ocrx_word' id='word_1_10' title='bbox 931 536 1053 608; x_wconf 88' lang='lat' dir='ltr'>viator</span> 
     </span>
     <span class='ocr_line' id='line_1_3' title="bbox 231 647 1009 745; baseline 0.005 -27"><span class='ocrx_word' id='word_1_11' title='bbox 231 647 438 722; x_wconf 90' lang='lat' dir='ltr'>Turbatum</span> <span class='ocrx_word' id='word_1_12' title='bbox 456 649 536 720; x_wconf 91' lang='lat' dir='ltr'>viso</span> <span class='ocrx_word' id='word_1_13' title='bbox 554 649 699 722; x_wconf 90' lang='lat' dir='ltr'>rettulit</span> <span class='ocrx_word' id='word_1_14' title='bbox 716 671 838 744; x_wconf 85' lang='lat' dir='ltr'>angue</span> <span class='ocrx_word' id='word_1_15' title='bbox 857 648 1009 745; x_wconf 86' lang='lat' dir='ltr'>pedem.</span> 
     </span>
    </p>

    <p class='ocr_par' dir='ltr' id='par_1_3' title="bbox 182 759 1095 977">
     <span class='ocr_line' id='line_1_4' title="bbox 182 759 1095 860; baseline 0.008 -29"><span class='ocrx_word' id='word_1_16' title='bbox 182 759 277 836; x_wconf 94' lang='lat' dir='ltr'>Inde</span> <span class='ocrx_word' id='word_1_17' title='bbox 295 763 378 850; x_wconf 92' lang='lat' dir='ltr'>tori,</span> <span class='ocrx_word' id='word_1_18' title='bbox 398 763 464 859; x_wconf 94' lang='lat' dir='ltr'>qui</span> <span class='ocrx_word' id='word_1_19' title='bbox 477 764 633 860; x_wconf 90' lang='lat' dir='ltr'>junctus</span> <span class='ocrx_word' id='word_1_20' title='bbox 652 773 744 846; x_wconf 90' lang='lat' dir='ltr'>erat,</span> <span class='ocrx_word' id='word_1_21' title='bbox 762 762 949 837; x_wconf 85' lang='lat' dir='ltr'>velamina</span> <span class='ocrx_word' id='word_1_22' title='bbox 964 764 1095 860; x_wconf 85' lang='lat' dir='ltr'>tangit</span> 
     </span>
     <span class='ocr_line' id='line_1_5' title="bbox 232 877 970 977; baseline 0.001 -26"><span class='ocrx_word' id='word_1_23' title='bbox 232 877 376 964; x_wconf 86' lang='lat' dir='ltr'>Mollia,</span> <span class='ocrx_word' id='word_1_24' title='bbox 396 878 569 951; x_wconf 84' lang='lat' dir='ltr'>mendaci</span> <span class='ocrx_word' id='word_1_25' title='bbox 587 878 851 977; x_wconf 86' lang='lat' dir='ltr'>decipiturque</span> <span class='ocrx_word' id='word_1_26' title='bbox 867 889 970 952; x_wconf 89' lang='lat' dir='ltr'>nota.</span> 
     </span>
    </p>

    <p class='ocr_par' dir='ltr' id='par_1_4' title="bbox 179 993 1225 1204">
     <span class='ocr_line' id='line_1_6' title="bbox 179 993 1225 1092; baseline -0.003 -22"><span class='ocrx_word' id='word_1_27' title='bbox 179 993 403 1078; x_wconf 88' lang='lat' dir='ltr'>Adscendit‚</span> <span class='ocrx_word' id='word_1_28' title='bbox 418 994 641 1091; x_wconf 85' lang='lat' dir='ltr'>spondaque</span> <span class='ocrx_word' id='word_1_29' title='bbox 655 993 727 1066; x_wconf 86' lang='lat' dir='ltr'>sibi</span> <span class='ocrx_word' id='word_1_30' title='bbox 741 993 914 1092; x_wconf 86' lang='lat' dir='ltr'>propiore</span> <span class='ocrx_word' id='word_1_31' title='bbox 929 995 1143 1083; x_wconf 89' lang='lat' dir='ltr'>recumbit;</span> <span class='ocrx_word' id='word_1_32' title='bbox 1159 999 1225 1067; x_wconf 79' lang='lat'>345</span> 
     </span>
     <span class='ocr_line' id='line_1_7' title="bbox 232 1108 972 1204; baseline -0.004 -19"><span class='ocrx_word' id='word_1_33' title='bbox 232 1111 283 1185; x_wconf 90' lang='lat' dir='ltr'>Et</span> <span class='ocrx_word' id='word_1_34' title='bbox 300 1108 419 1203; x_wconf 86' lang='lat' dir='ltr'>rigido</span> <span class='ocrx_word' id='word_1_35' title='bbox 437 1132 554 1181; x_wconf 92' lang='lat' dir='ltr'>cornu</span> <span class='ocrx_word' id='word_1_36' title='bbox 573 1108 702 1180; x_wconf 92' lang='lat' dir='ltr'>durius</span> <span class='ocrx_word' id='word_1_37' title='bbox 721 1108 861 1204; x_wconf 81' lang='lat' dir='ltr'>inguen</span> <span class='ocrx_word' id='word_1_38' title='bbox 879 1119 972 1182; x_wconf 87' lang='lat' dir='ltr'>erat.</span> 
     </span>
    </p>

    <p class='ocr_par' dir='ltr' id='par_1_5' title="bbox 182 1223 985 1437">
     <span class='ocr_line' id='line_1_8' title="bbox 182 1223 958 1301; baseline -0.006 1"><span class='ocrx_word' id='word_1_39' title='bbox 182 1229 332 1301; x_wconf 88' lang='lat' dir='ltr'>Interea</span> <span class='ocrx_word' id='word_1_40' title='bbox 349 1223 498 1297; x_wconf 90' lang='lat' dir='ltr'>tunicas</span> <span class='ocrx_word' id='word_1_41' title='bbox 516 1248 582 1296; x_wconf 91' lang='lat' dir='ltr'>ora</span> <span class='ocrx_word' id='word_1_42' title='bbox 598 1223 777 1296; x_wconf 85' lang='lat' dir='ltr'>subducit</span> <span class='ocrx_word' id='word_1_43' title='bbox 795 1224 843 1296; x_wconf 92' lang='lat' dir='ltr'>ab</span> <span class='ocrx_word' id='word_1_44' title='bbox 861 1224 958 1297; x_wconf 90' lang='lat' dir='ltr'>ima:</span> 
     </span>
     <span class='ocr_line' id='line_1_9' title="bbox 232 1340 985 1437; baseline -0.001 -24"><span class='ocrx_word' id='word_1_45' title='bbox 232 1341 446 1414; x_wconf 84' lang='lat' dir='ltr'>Horrebant</span> <span class='ocrx_word' id='word_1_46' title='bbox 463 1340 591 1412; x_wconf 89' lang='lat' dir='ltr'>densis</span> <span class='ocrx_word' id='word_1_47' title='bbox 610 1363 745 1437; x_wconf 85' lang='lat' dir='ltr'>aspera</span> <span class='ocrx_word' id='word_1_48' title='bbox 761 1364 870 1412; x_wconf 87' lang='lat' dir='ltr'>crura</span> <span class='ocrx_word' id='word_1_49' title='bbox 886 1340 985 1437; x_wconf 86' lang='lat' dir='ltr'>pilis.</span> 
     </span>
    </p>

    <p class='ocr_par' dir='ltr' id='par_1_6' title="bbox 182 1454 1221 1667">
     <span class='ocr_line' id='line_1_10' title="bbox 182 1454 1077 1553; baseline -0.002 -22"><span class='ocrx_word' id='word_1_50' title='bbox 182 1459 332 1531; x_wconf 79' lang='lat' dir='ltr'>Caetera</span> <span class='ocrx_word' id='word_1_51' title='bbox 350 1464 561 1527; x_wconf 83' lang='lat' dir='ltr'>tentantem</span> <span class='ocrx_word' id='word_1_52' title='bbox 578 1455 706 1528; x_wconf 90' lang='lat' dir='ltr'>cubito</span> <span class='ocrx_word' id='word_1_53' title='bbox 724 1454 945 1553; x_wconf 89' lang='lat' dir='ltr'>Tirynthius</span> <span class='ocrx_word' id='word_1_54' title='bbox 962 1455 1077 1529; x_wconf 87' lang='lat' dir='ltr'>heros</span> 
     </span>
     <span class='ocr_line' id='line_1_11' title="bbox 228 1569 1221 1667; baseline 0.001 -24"><span class='ocrx_word' id='word_1_55' title='bbox 228 1569 432 1667; x_wconf 89' lang='lat' dir='ltr'>Reppulit:</span> <span class='ocrx_word' id='word_1_56' title='bbox 462 1593 483 1642; x_wconf 95' lang='lat' dir='ltr'>e</span> <span class='ocrx_word' id='word_1_57' title='bbox 501 1594 648 1644; x_wconf 89' lang='lat' dir='ltr'>summo</span> <span class='ocrx_word' id='word_1_58' title='bbox 665 1570 809 1644; x_wconf 86' lang='lat' dir='ltr'>decidit</span> <span class='ocrx_word' id='word_1_59' title='bbox 826 1571 890 1644; x_wconf 88' lang='lat' dir='ltr'>ille</span> <span class='ocrx_word' id='word_1_60' title='bbox 907 1581 1002 1643; x_wconf 89' lang='lat' dir='ltr'>toro.</span> <span class='ocrx_word' id='word_1_61' title='bbox 1152 1575 1221 1644; x_wconf 83' lang='lat'>350</span> 
     </span>
    </p>

    <p class='ocr_par' dir='ltr' id='par_1_7' title="bbox 181 1682 1158 1898">
     <span class='ocr_line' id='line_1_12' title="bbox 181 1682 1158 1784; baseline 0.003 -28"><span class='ocrx_word' id='word_1_62' title='bbox 181 1684 244 1756; x_wconf 89' lang='lat' dir='ltr'>Fit</span> <span class='ocrx_word' id='word_1_63' title='bbox 260 1708 396 1756; x_wconf 88' lang='lat' dir='ltr'>sonus:</span> <span class='ocrx_word' id='word_1_64' title='bbox 426 1682 605 1756; x_wconf 88' lang='lat' dir='ltr'>inclamat</span> <span class='ocrx_word' id='word_1_65' title='bbox 622 1685 792 1770; x_wconf 88' lang='lat' dir='ltr'>comites,</span> <span class='ocrx_word' id='word_1_66' title='bbox 811 1695 850 1758; x_wconf 91' lang='lat' dir='ltr'>et</span> <span class='ocrx_word' id='word_1_67' title='bbox 867 1684 1012 1758; x_wconf 85' lang='lat' dir='ltr'>lumina</span> <span class='ocrx_word' id='word_1_68' title='bbox 1029 1686 1158 1784; x_wconf 88' lang='lat' dir='ltr'>poscit</span> 
     </span>
     <span class='ocr_line' id='line_1_13' title="bbox 232 1795 988 1898; baseline 0.004 -29"><span class='ocrx_word' id='word_1_69' title='bbox 232 1795 414 1869; x_wconf 87' lang='lat' dir='ltr'>Maeonis:</span> <span class='ocrx_word' id='word_1_70' title='bbox 444 1797 555 1869; x_wconf 87' lang='lat' dir='ltr'>illatis</span> <span class='ocrx_word' id='word_1_71' title='bbox 573 1800 723 1894; x_wconf 88' lang='lat' dir='ltr'>ignibus</span> <span class='ocrx_word' id='word_1_72' title='bbox 741 1809 828 1872; x_wconf 88' lang='lat' dir='ltr'>acta</span> <span class='ocrx_word' id='word_1_73' title='bbox 845 1809 988 1898; x_wconf 86' lang='lat' dir='ltr'>patent.</span> 
     </span>
    </p>

    <p class='ocr_par' dir='ltr' id='par_1_8' title="bbox 180 1911 1094 2122">
     <span class='ocr_line' id='line_1_14' title="bbox 180 1911 1045 2012; baseline 0.005 -27"><span class='ocrx_word' id='word_1_74' title='bbox 180 1911 251 1986; x_wconf 89' lang='lat' dir='ltr'>llle</span> <span class='ocrx_word' id='word_1_75' title='bbox 270 1911 386 2009; x_wconf 88' lang='lat' dir='ltr'>gemit</span> <span class='ocrx_word' id='word_1_76' title='bbox 403 1911 502 1985; x_wconf 91' lang='lat' dir='ltr'>lecto</span> <span class='ocrx_word' id='word_1_77' title='bbox 520 1915 680 2008; x_wconf 85' lang='lat' dir='ltr'>graviter</span> <span class='ocrx_word' id='word_1_78' title='bbox 696 1916 869 2012; x_wconf 87' lang='lat' dir='ltr'>dejectus</span> <span class='ocrx_word' id='word_1_79' title='bbox 888 1915 936 1987; x_wconf 88' lang='lat' dir='ltr'>ab</span> <span class='ocrx_word' id='word_1_80' title='bbox 954 1915 1045 2002; x_wconf 86' lang='lat' dir='ltr'>alto,</span> 
     </span>
     <span class='ocr_line' id='line_1_15' title="bbox 231 2026 1094 2122; baseline 0.007 -24"><span class='ocrx_word' id='word_1_81' title='bbox 231 2026 483 2122; x_wconf 85' lang='lat' dir='ltr'>Membraque</span> <span class='ocrx_word' id='word_1_82' title='bbox 501 2028 549 2100; x_wconf 88' lang='lat' dir='ltr'>de</span> <span class='ocrx_word' id='word_1_83' title='bbox 568 2029 663 2102; x_wconf 91' lang='lat' dir='ltr'>dura</span> <span class='ocrx_word' id='word_1_84' title='bbox 678 2030 742 2102; x_wconf 84' lang='lat' dir='ltr'>vix</span> <span class='ocrx_word' id='word_1_85' title='bbox 761 2054 830 2103; x_wconf 90' lang='lat' dir='ltr'>sua</span> <span class='ocrx_word' id='word_1_86' title='bbox 846 2028 944 2102; x_wconf 93' lang='lat' dir='ltr'>tollit</span> <span class='ocrx_word' id='word_1_87' title='bbox 961 2029 1094 2104; x_wconf 90' lang='lat' dir='ltr'>humo.</span> 
     </span>
    </p>

    <p class='ocr_par' dir='ltr' id='par_1_9' title="bbox 182 2142 1225 2357">
     <span class='ocr_line' id='line_1_16' title="bbox 182 2142 1225 2241; baseline 0.002 -26"><span class='ocrx_word' id='word_1_88' title='bbox 182 2142 299 2215; x_wconf 88' lang='lat' dir='ltr'>Ridet</span> <span class='ocrx_word' id='word_1_89' title='bbox 316 2153 354 2214; x_wconf 88' lang='lat' dir='ltr'>et</span> <span class='ocrx_word' id='word_1_90' title='bbox 373 2142 540 2227; x_wconf 90' lang='lat' dir='ltr'>Alcides,</span> <span class='ocrx_word' id='word_1_91' title='bbox 560 2144 681 2239; x_wconf 90' lang='lat' dir='ltr'>etqui</span> <span class='ocrx_word' id='word_1_92' title='bbox 700 2144 826 2218; x_wconf 89' lang='lat' dir='ltr'>videre</span> <span class='ocrx_word' id='word_1_93' title='bbox 840 2145 1056 2241; x_wconf 88' lang='lat' dir='ltr'>jacentem:</span> <span class='ocrx_word' id='word_1_94' title='bbox 1157 2150 1225 2218; x_wconf 82' lang='lat'>355</span> 
     </span>
     <span class='ocr_line' id='line_1_17' title="bbox 232 2256 985 2357; baseline 0.005 -29"><span class='ocrx_word' id='word_1_95' title='bbox 232 2256 350 2329; x_wconf 89' lang='lat' dir='ltr'>Ridet</span> <span class='ocrx_word' id='word_1_96' title='bbox 368 2267 572 2330; x_wconf 85' lang='lat' dir='ltr'>amatorem</span> <span class='ocrx_word' id='word_1_97' title='bbox 592 2257 699 2355; x_wconf 92' lang='lat' dir='ltr'>Lyda</span> <span class='ocrx_word' id='word_1_98' title='bbox 717 2260 844 2357; x_wconf 91' lang='lat' dir='ltr'>puella</span> <span class='ocrx_word' id='word_1_99' title='bbox 861 2283 985 2332; x_wconf 90' lang='lat' dir='ltr'>suum.</span> 
     </span>
    </p>

    <p class='ocr_par' dir='ltr' id='par_1_10' title="bbox 181 2370 1085 2572">
     <span class='ocr_line' id='line_1_18' title="bbox 181 2370 1071 2457; baseline 0.008 -17"><span class='ocrx_word' id='word_1_100' title='bbox 181 2370 298 2445; x_wconf 87' lang='lat' dir='ltr'>Veste</span> <span class='ocrx_word' id='word_1_101' title='bbox 317 2371 435 2455; x_wconf 88' lang='lat' dir='ltr'>Deus,</span> <span class='ocrx_word' id='word_1_102' title='bbox 455 2371 573 2457; x_wconf 90' lang='lat' dir='ltr'>lusus,</span> <span class='ocrx_word' id='word_1_103' title='bbox 593 2371 766 2447; x_wconf 85' lang='lat' dir='ltr'>fallentes</span> <span class='ocrx_word' id='word_1_104' title='bbox 784 2374 926 2447; x_wconf 88' lang='lat' dir='ltr'>lumina</span> <span class='ocrx_word' id='word_1_105' title='bbox 942 2383 1071 2447; x_wconf 87' lang='lat' dir='ltr'>vestes</span> 
     </span>
     <span class='ocr_line' id='line_1_19' title="bbox 232 2485 1085 2572; baseline 0.006 -15"><span class='ocrx_word' id='word_1_106' title='bbox 232 2485 319 2558; x_wconf 92' lang='lat' dir='ltr'>Non</span> <span class='ocrx_word' id='word_1_107' title='bbox 337 2495 439 2558; x_wconf 86' lang='lat' dir='ltr'>amat</span> <span class='ocrx_word' id='word_1_108' title='bbox 449 2515 460 2572; x_wconf 79' lang='lat'>3</span> <span class='ocrx_word' id='word_1_109' title='bbox 490 2499 529 2559; x_wconf 88' lang='lat' dir='ltr'>et</span> <span class='ocrx_word' id='word_1_110' title='bbox 547 2488 667 2560; x_wconf 90' lang='lat' dir='ltr'>nudos</span> <span class='ocrx_word' id='word_1_111' title='bbox 686 2489 734 2562; x_wconf 90' lang='lat' dir='ltr'>ad</span> <span class='ocrx_word' id='word_1_112' title='bbox 752 2513 822 2562; x_wconf 89' lang='lat' dir='ltr'>sua</span> <span class='ocrx_word' id='word_1_113' title='bbox 839 2512 944 2562; x_wconf 89' lang='lat' dir='ltr'>sacra</span> <span class='ocrx_word' id='word_1_114' title='bbox 960 2500 1085 2562; x_wconf 88' lang='lat' dir='ltr'>vocat.</span> 
     </span>
    </p>

    <p class='ocr_par' dir='ltr' id='par_1_11' title="bbox 180 2601 1226 2815">
     <span class='ocr_line' id='line_1_20' title="bbox 180 2601 1164 2698; baseline 0.004 -25"><span class='ocrx_word' id='word_1_115' title='bbox 180 2602 290 2673; x_wconf 92' lang='lat' dir='ltr'>Adde</span> <span class='ocrx_word' id='word_1_116' title='bbox 309 2601 514 2698; x_wconf 69' lang='lat' dir='ltr'>peregrinae</span> <span class='ocrx_word' id='word_1_117' title='bbox 532 2626 697 2689; x_wconf 89' lang='lat' dir='ltr'>causam,</span> <span class='ocrx_word' id='word_1_118' title='bbox 718 2628 801 2677; x_wconf 89' lang='lat' dir='ltr'>mea</span> <span class='ocrx_word' id='word_1_119' title='bbox 820 2603 945 2690; x_wconf 88' lang='lat' dir='ltr'>Musa,</span> <span class='ocrx_word' id='word_1_120' title='bbox 967 2602 1164 2694; x_wconf 89' lang='lat' dir='ltr'>Latinam;</span> 
     </span>
     <span class='ocr_line' id='line_1_21' title="bbox 232 2716 1226 2815; baseline 0.004 -28"><span class='ocrx_word' id='word_1_121' title='bbox 232 2716 353 2812; x_wconf 89' lang='lat' dir='ltr'>Inque</span> <span class='ocrx_word' id='word_1_122' title='bbox 371 2740 439 2787; x_wconf 87' lang='lat' dir='ltr'>suo</span> <span class='ocrx_word' id='word_1_123' title='bbox 458 2727 583 2789; x_wconf 88' lang='lat' dir='ltr'>noster</span> <span class='ocrx_word' id='word_1_124' title='bbox 602 2719 754 2815; x_wconf 87' lang='lat' dir='ltr'>pulvere</span> <span class='ocrx_word' id='word_1_125' title='bbox 772 2731 898 2791; x_wconf 90' lang='lat' dir='ltr'>currat</span> <span class='ocrx_word' id='word_1_126' title='bbox 915 2743 1049 2815; x_wconf 80' lang='lat' dir='ltr'>equus</span> <span class='ocrx_word' id='word_1_127' title='bbox 1157 2724 1226 2793; x_wconf 85' lang='lat'>360</span> 
     </span>
    </p>

    <p class='ocr_par' dir='ltr' id='par_1_12' title="bbox 182 2830 1024 3047">
     <span class='ocr_line' id='line_1_22' title="bbox 182 2830 1015 2931; baseline 0.004 -28"><span class='ocrx_word' id='word_1_128' title='bbox 182 2830 385 2928; x_wconf 88' lang='lat' dir='ltr'>Cornipedi</span> <span class='ocrx_word' id='word_1_129' title='bbox 405 2830 534 2903; x_wconf 88' lang='lat' dir='ltr'>Fauno</span> <span class='ocrx_word' id='word_1_130' title='bbox 553 2856 653 2904; x_wconf 84' lang='lat' dir='ltr'>caesa</span> <span class='ocrx_word' id='word_1_131' title='bbox 669 2833 716 2907; x_wconf 93' lang='lat' dir='ltr'>de</span> <span class='ocrx_word' id='word_1_132' title='bbox 734 2857 837 2906; x_wconf 90' lang='lat' dir='ltr'>more</span> <span class='ocrx_word' id='word_1_133' title='bbox 855 2834 1015 2931; x_wconf 89' lang='lat' dir='ltr'>capella,</span> 
     </span>
     <span class='ocr_line' id='line_1_23' title="bbox 232 2945 1024 3047; baseline 0.008 -31"><span class='ocrx_word' id='word_1_134' title='bbox 232 2945 345 3019; x_wconf 90' lang='lat' dir='ltr'>Venit</span> <span class='ocrx_word' id='word_1_135' title='bbox 363 2946 411 3017; x_wconf 91' lang='lat' dir='ltr'>ad</span> <span class='ocrx_word' id='word_1_136' title='bbox 430 2946 586 3041; x_wconf 85' lang='lat' dir='ltr'>exiguas</span> <span class='ocrx_word' id='word_1_137' title='bbox 606 2950 715 3021; x_wconf 90' lang='lat' dir='ltr'>turba</span> <span class='ocrx_word' id='word_1_138' title='bbox 732 2959 866 3022; x_wconf 90' lang='lat' dir='ltr'>vocata</span> <span class='ocrx_word' id='word_1_139' title='bbox 882 2949 1024 3047; x_wconf 90' lang='lat' dir='ltr'>dapes;</span> 
     </span>
    </p>
   </div>
   <div class='ocr_carea' id='block_1_3' title="bbox 176 3153 1229 4247">
    <p class='ocr_par' dir='ltr' id='par_1_13' title="bbox 177 3153 1227 3285">
     <span class='ocr_line' id='line_1_24' title="bbox 211 3153 1227 3219; baseline 0.001 -17"><span class='ocrx_word' id='word_1_140' title='bbox 211 3156 267 3206; x_wconf 76' lang='lat'>³42.</span> <span class='ocrx_word' id='word_1_141' title='bbox 288 3154 385 3219; x_wconf 79' lang='lat' dir='ltr'>Referre</span> <span class='ocrx_word' id='word_1_142' title='bbox 401 3157 479 3216; x_wconf 65' lang='lat' dir='ltr'>perlem</span> <span class='ocrx_word' id='word_1_143' title='bbox 497 3153 527 3202; x_wconf 84' lang='lat' dir='ltr'>de</span> <span class='ocrx_word' id='word_1_144' title='bbox 546 3155 677 3218; x_wconf 80' lang='lat' dir='ltr'>refugiente</span> <span class='ocrx_word' id='word_1_145' title='bbox 762 3159 819 3205; x_wconf 85' lang='lat'>³51.</span> <span class='ocrx_word' id='word_1_146' title='bbox 837 3155 913 3211; x_wconf 84' lang='lat' dir='ltr'>Servi,</span> <span class='ocrx_word' id='word_1_147' title='bbox 933 3155 964 3202; x_wconf 80' lang='lat' dir='ltr'>ud</span> <span class='ocrx_word' id='word_1_148' title='bbox 986 3155 1047 3203; x_wconf 82' lang='lat' dir='ltr'>iores</span> <span class='ocrx_word' id='word_1_149' title='bbox 1069 3157 1175 3206; x_wconf 81' lang='lat' dir='ltr'>cubiculi</span> <span class='ocrx_word' id='word_1_150' title='bbox 1192 3157 1227 3205; x_wconf 78' lang='lat' dir='ltr'>vel</span> 
     </span>
     <span class='ocr_line' id='line_1_25' title="bbox 177 3227 1227 3285; baseline 0.002 -9"><span class='ocrx_word' id='word_1_151' title='bbox 177 3229 211 3277; x_wconf 86' lang='lat' dir='ltr'>sic</span> <span class='ocrx_word' id='word_1_152' title='bbox 223 3239 246 3276; x_wconf 84' lang='lat' dir='ltr'>et</span> <span class='ocrx_word' id='word_1_153' title='bbox 257 3228 352 3276; x_wconf 77' lang='lat' dir='ltr'>Phaedr.</span> <span class='ocrx_word' id='word_1_154' title='bbox 364 3228 413 3276; x_wconf 89' lang='lat' dir='ltr'>lab.</span> <span class='ocrx_word' id='word_1_155' title='bbox 424 3228 448 3276; x_wconf 91' lang='lat' dir='ltr'>ii.</span> <span class='ocrx_word' id='word_1_156' title='bbox 462 3230 483 3276; x_wconf 94' lang='lat' dir='ltr'>l.</span> <span class='ocrx_word' id='word_1_157' title='bbox 728 3230 881 3285; x_wconf 83' lang='lat' dir='ltr'>excubantes,</span> <span class='ocrx_word' id='word_1_158' title='bbox 904 3229 941 3277; x_wconf 83' lang='lat' dir='ltr'>vel</span> <span class='ocrx_word' id='word_1_159' title='bbox 967 3227 1122 3285; x_wconf 82' lang='lat' dir='ltr'>dormientes,</span> <span class='ocrx_word' id='word_1_160' title='bbox 1151 3231 1227 3279; x_wconf 83' lang='lat' dir='ltr'>lumen</span> 
     </span>
    </p>

    <p class='ocr_par' dir='ltr' id='par_1_14' title="bbox 176 3301 1229 4247">
     <span class='ocr_line' id='line_1_26' title="bbox 211 3301 1228 3366; baseline 0.004 -18"><span class='ocrx_word' id='word_1_161' title='bbox 211 3304 268 3349; x_wconf 79' lang='lat'><strong><em>345.</em></strong></span> <span class='ocrx_word' id='word_1_162' title='bbox 288 3303 379 3362; x_wconf 81' lang='lat' dir='ltr'>Spoudu</span> <span class='ocrx_word' id='word_1_163' title='bbox 387 3306 489 3363; x_wconf 82' lang='lat' dir='ltr'>proptor,</span> <span class='ocrx_word' id='word_1_164' title='bbox 502 3317 531 3350; x_wconf 87' lang='lat' dir='ltr'>ea</span> <span class='ocrx_word' id='word_1_165' title='bbox 543 3318 597 3366; x_wconf 85' lang='lat' dir='ltr'>pars</span> <span class='ocrx_word' id='word_1_166' title='bbox 607 3318 676 3366; x_wconf 85' lang='lat' dir='ltr'>spon·</span> <span class='ocrx_word' id='word_1_167' title='bbox 728 3303 833 3357; x_wconf 86' lang='lat' dir='ltr'>alebant,</span> <span class='ocrx_word' id='word_1_168' title='bbox 845 3302 908 3366; x_wconf 89' lang='lat' dir='ltr'>quod</span> <span class='ocrx_word' id='word_1_169' title='bbox 920 3301 1018 3350; x_wconf 72' lang='lat' dir='ltr'>excitati</span> <span class='ocrx_word' id='word_1_170' title='bbox 1028 3301 1153 3352; x_wconf 81' lang='lat' dir='ltr'>inferrent.</span> <span class='ocrx_word' id='word_1_171' title='bbox 1189 3305 1228 3352; x_wconf 75' lang='lat' dir='ltr'>Vir</span> 
     </span>
     <span class='ocr_line' id='line_1_27' title="bbox 178 3373 1070 3440; baseline 0.004 -20"><span class='ocrx_word' id='word_1_172' title='bbox 178 3374 224 3428; x_wconf 75' lang='lat' dir='ltr'>de,</span> <span class='ocrx_word' id='word_1_173' title='bbox 242 3390 295 3437; x_wconf 84' lang='lat' dir='ltr'>quae</span> <span class='ocrx_word' id='word_1_174' title='bbox 315 3375 337 3421; x_wconf 87' lang='lat' dir='ltr'>ei</span> <span class='ocrx_word' id='word_1_175' title='bbox 359 3374 452 3437; x_wconf 91' lang='lat' dir='ltr'>propior</span> <span class='ocrx_word' id='word_1_176' title='bbox 460 3393 467 3433; x_wconf 65' lang='grc' dir='ltr'>ς</span> <span class='ocrx_word' id='word_1_177' title='bbox 489 3376 573 3422; x_wconf 85' lang='lat' dir='ltr'>llorat.</span> <span class='ocrx_word' id='word_1_178' title='bbox 601 3376 677 3440; x_wconf 85' lang='lat' dir='ltr'>Epod.</span> <span class='ocrx_word' id='word_1_179' title='bbox 727 3373 972 3440; x_wconf 80' lang='lat' dir='ltr'>ruu,quibusvirnti</span> <span class='ocrx_word' id='word_1_180' title='bbox 983 3375 1070 3439; x_wconf 87' lang='lat' dir='ltr'>potuit.</span> 
     </span>
     <span class='ocr_line' id='line_1_28' title="bbox 177 3447 1228 3508; baseline 0.006 -15"><span class='ocrx_word' id='word_1_181' title='bbox 177 3447 210 3493; x_wconf 91' lang='lat' dir='ltr'>iii.</span> <span class='ocrx_word' id='word_1_182' title='bbox 228 3449 268 3494; x_wconf 81' lang='lat'>22.</span> <span class='ocrx_word' id='word_1_183' title='bbox 288 3448 397 3494; x_wconf 72' lang='lat' dir='ltr'>Eutremu</span> <span class='ocrx_word' id='word_1_184' title='bbox 417 3452 484 3494; x_wconf 79' lang='lat' dir='ltr'>etin</span> <span class='ocrx_word' id='word_1_185' title='bbox 502 3452 586 3508; x_wconf 70' lang='lat' dir='ltr'>murteta</span> <span class='ocrx_word' id='word_1_186' title='bbox 604 3452 677 3497; x_wconf 84' lang='lat' dir='ltr'>cubet.</span> <span class='ocrx_word' id='word_1_187' title='bbox 759 3451 817 3496; x_wconf 83' lang='lat'>359.</span> <span class='ocrx_word' id='word_1_188' title='bbox 840 3450 932 3506; x_wconf 79' lang='lat' dir='ltr'>Quarta</span> <span class='ocrx_word' id='word_1_189' title='bbox 951 3462 1025 3496; x_wconf 83' lang='lat' dir='ltr'>causa</span> <span class='ocrx_word' id='word_1_190' title='bbox 1047 3448 1185 3498; x_wconf 75' lang='lat' dir='ltr'>altomnlo</span> <span class='ocrx_word' id='word_1_191' title='bbox 1204 3459 1228 3499; x_wconf 84' lang='lat' dir='ltr'>et</span> 
     </span>
     <span class='ocr_line' id='line_1_29' title="bbox 178 3520 1226 3586; baseline 0.003 -19"><span class='ocrx_word' id='word_1_192' title='bbox 178 3520 239 3567; x_wconf 84' lang='lat' dir='ltr'>Pars</span> <span class='ocrx_word' id='word_1_193' title='bbox 254 3520 284 3567; x_wconf 84' lang='lat' dir='ltr'>sd</span> <span class='ocrx_word' id='word_1_194' title='bbox 301 3520 416 3583; x_wconf 88' lang='lat' dir='ltr'>parietem</span> <span class='ocrx_word' id='word_1_195' title='bbox 433 3536 499 3567; x_wconf 84' lang='lat' dir='ltr'>versa</span> <span class='ocrx_word' id='word_1_196' title='bbox 514 3526 598 3582; x_wconf 83' lang='lat' dir='ltr'>spoudu</span> <span class='ocrx_word' id='word_1_197' title='bbox 616 3525 675 3570; x_wconf 78' lang='lat' dir='ltr'>iute—</span> <span class='ocrx_word' id='word_1_198' title='bbox 727 3522 799 3570; x_wconf 79' lang='lat' dir='ltr'>fratre</span> <span class='ocrx_word' id='word_1_199' title='bbox 816 3522 924 3586; x_wconf 81' lang='lat' dir='ltr'>repetita,</span> <span class='ocrx_word' id='word_1_200' title='bbox 936 3535 1008 3584; x_wconf 80' lang='lat' dir='ltr'>quarn</span> <span class='ocrx_word' id='word_1_201' title='bbox 1025 3537 1074 3569; x_wconf 88' lang='lat' dir='ltr'>non</span> <span class='ocrx_word' id='word_1_202' title='bbox 1091 3521 1137 3570; x_wconf 81' lang='lat' dir='ltr'>nisi</span> <span class='ocrx_word' id='word_1_203' title='bbox 1152 3540 1226 3572; x_wconf 87' lang='lat' dir='ltr'>rerum</span> 
     </span>
     <span class='ocr_line' id='line_1_30' title="bbox 178 3593 1228 3656; baseline 0.008 -19"><span class='ocrx_word' id='word_1_204' title='bbox 178 3595 235 3648; x_wconf 81' lang='lat' dir='ltr'>rtur,</span> <span class='ocrx_word' id='word_1_205' title='bbox 247 3593 320 3640; x_wconf 80' lang='lat' dir='ltr'>altera</span> <span class='ocrx_word' id='word_1_206' title='bbox 336 3595 432 3639; x_wconf 70' lang='lat' dir='ltr'>citerior</span> <span class='ocrx_word' id='word_1_207' title='bbox 445 3593 494 3641; x_wconf 84' lang='lat' dir='ltr'>sive</span> <span class='ocrx_word' id='word_1_208' title='bbox 504 3598 569 3656; x_wconf 81' lang='lat' dir='ltr'>prior</span> <span class='ocrx_word' id='word_1_209' title='bbox 580 3595 677 3644; x_wconf 85' lang='lat' dir='ltr'>diceba·</span> <span class='ocrx_word' id='word_1_210' title='bbox 728 3594 889 3642; x_wconf 82' lang='lat' dir='ltr'>Romanarum</span> <span class='ocrx_word' id='word_1_211' title='bbox 904 3593 982 3641; x_wconf 85' lang='lat' dir='ltr'>studio</span> <span class='ocrx_word' id='word_1_212' title='bbox 996 3593 1135 3644; x_wconf 74' lang='lat' dir='ltr'>admiscuit.</span> <span class='ocrx_word' id='word_1_213' title='bbox 1169 3598 1228 3645; x_wconf 81' lang='lat' dir='ltr'>Are·</span> 
     </span>
     <span class='ocr_line' id='line_1_31' title="bbox 179 3666 1228 3731; baseline 0.005 -18"><span class='ocrx_word' id='word_1_214' title='bbox 179 3676 226 3714; x_wconf 88' lang='lat' dir='ltr'>tur.</span> <span class='ocrx_word' id='word_1_215' title='bbox 264 3667 294 3714; x_wconf 89' lang='lat' dir='ltr'>In</span> <span class='ocrx_word' id='word_1_216' title='bbox 316 3666 360 3713; x_wconf 82' lang='lat' dir='ltr'>hec</span> <span class='ocrx_word' id='word_1_217' title='bbox 382 3666 425 3713; x_wconf 84' lang='lat' dir='ltr'>uiri</span> <span class='ocrx_word' id='word_1_218' title='bbox 446 3667 574 3716; x_wconf 84' lang='lat' dir='ltr'>cubabant.</span> <span class='ocrx_word' id='word_1_219' title='bbox 615 3670 677 3718; x_wconf 89' lang='lat' dir='ltr'>Vide</span> <span class='ocrx_word' id='word_1_220' title='bbox 728 3683 774 3721; x_wconf 81' lang='lat' dir='ltr'>am,</span> <span class='ocrx_word' id='word_1_221' title='bbox 787 3667 810 3715; x_wconf 91' lang='lat' dir='ltr'>in</span> <span class='ocrx_word' id='word_1_222' title='bbox 823 3683 871 3731; x_wconf 85' lang='lat' dir='ltr'>qus</span> <span class='ocrx_word' id='word_1_223' title='bbox 883 3666 1023 3723; x_wconf 87' lang='lat' dir='ltr'>decurritur,</span> <span class='ocrx_word' id='word_1_224' title='bbox 1034 3683 1100 3717; x_wconf 84' lang='lat' dir='ltr'>nunc</span> <span class='ocrx_word' id='word_1_225' title='bbox 1111 3672 1228 3730; x_wconf 69' lang='lat' dir='ltr'>pultem</span> 
     </span>
     <span class='ocr_line' id='line_1_32' title="bbox 177 3741 805 3806; baseline 0.003 -19"><span class='ocrx_word' id='word_1_226' title='bbox 177 3741 280 3806; x_wconf 87' lang='lat' dir='ltr'>Neapol.</span> <span class='ocrx_word' id='word_1_227' title='bbox 314 3742 370 3795; x_wconf 81' lang='lat' dir='ltr'>Ora,</span> <span class='ocrx_word' id='word_1_228' title='bbox 392 3749 498 3788; x_wconf 81' lang='lat' dir='ltr'>extrema</span> <span class='ocrx_word' id='word_1_229' title='bbox 518 3757 572 3805; x_wconf 82' lang='lat' dir='ltr'>pars</span> <span class='ocrx_word' id='word_1_230' title='bbox 594 3743 674 3800; x_wconf 84' lang='lat' dir='ltr'>vestis,</span> <span class='ocrx_word' id='word_1_231' title='bbox 728 3751 805 3791; x_wconf 81' lang='lat' dir='ltr'>vocat.</span> 
     </span>
     <span class='ocr_line' id='line_1_33' title="bbox 177 3815 1227 3882; baseline 0.003 -20"><span class='ocrx_word' id='word_1_232' title='bbox 177 3825 228 3862; x_wconf 84' lang='lat' dir='ltr'>erut</span> <span class='ocrx_word' id='word_1_233' title='bbox 237 3815 273 3862; x_wconf 82' lang='lat' dir='ltr'>vel</span> <span class='ocrx_word' id='word_1_234' title='bbox 284 3831 370 3861; x_wconf 74' lang='lat' dir='ltr'>srrmmu</span> <span class='ocrx_word' id='word_1_235' title='bbox 382 3824 423 3862; x_wconf 84' lang='lat' dir='ltr'>aut</span> <span class='ocrx_word' id='word_1_236' title='bbox 432 3831 535 3875; x_wconf 83' lang='lat' dir='ltr'>suprema</span> <span class='ocrx_word' id='word_1_237' title='bbox 546 3816 569 3862; x_wconf 91' lang='lat' dir='ltr'>in</span> <span class='ocrx_word' id='word_1_238' title='bbox 581 3825 675 3879; x_wconf 88' lang='lat' dir='ltr'>pectore</span> <span class='ocrx_word' id='word_1_239' title='bbox 758 3818 814 3864; x_wconf 85' lang='lat'><strong>361.</strong></span> <span class='ocrx_word' id='word_1_240' title='bbox 831 3817 889 3881; x_wconf 80' lang='lat' dir='ltr'>Ipsa</span> <span class='ocrx_word' id='word_1_241' title='bbox 899 3815 1041 3880; x_wconf 80' lang='lat' dir='ltr'>Lupercalia</span> <span class='ocrx_word' id='word_1_242' title='bbox 1050 3815 1120 3864; x_wconf 86' lang='lat' dir='ltr'>intel.</span> <span class='ocrx_word' id='word_1_243' title='bbox 1130 3817 1162 3866; x_wconf 86' lang='lat' dir='ltr'>de</span> <span class='ocrx_word' id='word_1_244' title='bbox 1176 3818 1227 3882; x_wconf 86' lang='lat' dir='ltr'>qui·</span> 
     </span>
     <span class='ocr_line' id='line_1_34' title="bbox 178 3887 1228 3954; baseline 0.004 -19"><span class='ocrx_word' id='word_1_245' title='bbox 178 3889 293 3952; x_wconf 86' lang='lat' dir='ltr'>(Metam.</span> <span class='ocrx_word' id='word_1_246' title='bbox 305 3887 338 3936; x_wconf 88' lang='lat' dir='ltr'>iii.</span> <span class='ocrx_word' id='word_1_247' title='bbox 351 3889 420 3946; x_wconf 78' lang='lat'>480.)</span> <span class='ocrx_word' id='word_1_248' title='bbox 436 3888 473 3935; x_wconf 87' lang='lat' dir='ltr'>vel</span> <span class='ocrx_word' id='word_1_249' title='bbox 491 3892 536 3936; x_wconf 80' lang='lat' dir='ltr'>ima</span> <span class='ocrx_word' id='word_1_250' title='bbox 553 3889 584 3936; x_wconf 88' lang='lat' dir='ltr'>ad</span> <span class='ocrx_word' id='word_1_251' title='bbox 600 3905 676 3938; x_wconf 87' lang='lat' dir='ltr'>crum.</span> <span class='ocrx_word' id='word_1_252' title='bbox 725 3890 769 3938; x_wconf 84' lang='lat' dir='ltr'>bns</span> <span class='ocrx_word' id='word_1_253' title='bbox 787 3890 817 3939; x_wconf 88' lang='lat' dir='ltr'>ad</span> <span class='ocrx_word' id='word_1_254' title='bbox 830 3905 876 3938; x_wconf 85' lang='lat' dir='ltr'>ver.</span> <span class='ocrx_word' id='word_1_255' title='bbox 887 3889 945 3937; x_wconf 74' lang='lat'><strong>267.</strong></span> <span class='ocrx_word' id='word_1_256' title='bbox 981 3888 1032 3936; x_wconf 76' lang='lat' dir='ltr'>Mos</span> <span class='ocrx_word' id='word_1_257' title='bbox 1048 3896 1086 3936; x_wconf 81' lang='lat' dir='ltr'>est</span> <span class='ocrx_word' id='word_1_258' title='bbox 1098 3889 1173 3954; x_wconf 76' lang='lat' dir='ltr'>igitur</span> <span class='ocrx_word' id='word_1_259' title='bbox 1189 3890 1228 3939; x_wconf 88' lang='lat' dir='ltr'>ille</span> 
     </span>
     <span class='ocr_line' id='line_1_35' title="bbox 178 3961 1227 4020; baseline 0.002 -10"><span class='ocrx_word' id='word_1_260' title='bbox 178 3965 305 4010; x_wconf 83' lang='lat' dir='ltr'>Asumma</span> <span class='ocrx_word' id='word_1_261' title='bbox 315 3978 355 4010; x_wconf 86' lang='lat' dir='ltr'>ora</span> <span class='ocrx_word' id='word_1_262' title='bbox 366 3965 489 4009; x_wconf 78' lang='lat' dir='ltr'>deducitur</span> <span class='ocrx_word' id='word_1_263' title='bbox 501 3965 579 4018; x_wconf 82' lang='lat' dir='ltr'>vestis,</span> <span class='ocrx_word' id='word_1_264' title='bbox 588 3964 617 4010; x_wconf 84' lang='lat' dir='ltr'>ab</span> <span class='ocrx_word' id='word_1_265' title='bbox 629 3964 675 4012; x_wconf 86' lang='lat' dir='ltr'>ima</span> <span class='ocrx_word' id='word_1_266' title='bbox 726 3964 868 4020; x_wconf 83' lang='lat' dir='ltr'>Arcadicus,</span> <span class='ocrx_word' id='word_1_267' title='bbox 889 3964 920 4010; x_wconf 83' lang='lat' dir='ltr'>ab</span> <span class='ocrx_word' id='word_1_268' title='bbox 941 3961 1054 4010; x_wconf 78' lang='lat' dir='ltr'>Evandro</span> <span class='ocrx_word' id='word_1_269' title='bbox 1079 3963 1105 4011; x_wconf 86' lang='lat' dir='ltr'>ln</span> <span class='ocrx_word' id='word_1_270' title='bbox 1130 3965 1227 4012; x_wconf 72' lang='lat' dir='ltr'>Italiam</span> 
     </span>
     <span class='ocr_line' id='line_1_36' title="bbox 178 4036 1229 4098; baseline 0.003 -14"><span class='ocrx_word' id='word_1_271' title='bbox 178 4040 322 4085; x_wconf 77' lang='lat' dir='ltr'>subducitur.</span> <span class='ocrx_word' id='word_1_272' title='bbox 365 4036 465 4084; x_wconf 69' lang='lat' dir='ltr'>Horrore</span> <span class='ocrx_word' id='word_1_273' title='bbox 486 4037 516 4084; x_wconf 87' lang='lat' dir='ltr'>de</span> <span class='ocrx_word' id='word_1_274' title='bbox 537 4038 608 4085; x_wconf 82' lang='lat' dir='ltr'>rebus</span> <span class='ocrx_word' id='word_1_275' title='bbox 629 4053 675 4086; x_wconf 88' lang='lat' dir='ltr'>nou</span> <span class='ocrx_word' id='word_1_276' title='bbox 725 4038 860 4086; x_wconf 86' lang='lat' dir='ltr'>translatus.</span> <span class='ocrx_word' id='word_1_277' title='bbox 895 4036 1229 4098; x_wconf 80' lang='lat' dir='ltr'>Cornipediretinendum,et</span> 
     </span>
     <span class='ocr_line' id='line_1_37' title="bbox 178 4109 1229 4176; baseline -0.001 -16"><span class='ocrx_word' id='word_1_278' title='bbox 178 4111 284 4161; x_wconf 74' lang='lat' dir='ltr'>laribus.</span> <span class='ocrx_word' id='word_1_279' title='bbox 318 4110 357 4159; x_wconf 86' lang='lat' dir='ltr'>Sic</span> <span class='ocrx_word' id='word_1_280' title='bbox 375 4112 465 4158; x_wconf 79' lang='lat' dir='ltr'>horrere</span> <span class='ocrx_word' id='word_1_281' title='bbox 481 4117 584 4173; x_wconf 77' lang='lat' dir='ltr'>sqimmis,</span> <span class='ocrx_word' id='word_1_282' title='bbox 595 4112 674 4173; x_wconf 74' lang='lat' dir='ltr'>glebis,</span> <span class='ocrx_word' id='word_1_283' title='bbox 725 4109 755 4159; x_wconf 91' lang='lat' dir='ltr'>de</span> <span class='ocrx_word' id='word_1_284' title='bbox 772 4113 863 4161; x_wconf 83' lang='lat' dir='ltr'>corneis</span> <span class='ocrx_word' id='word_1_285' title='bbox 879 4124 1003 4176; x_wconf 85' lang='lat' dir='ltr'>caprorum</span> <span class='ocrx_word' id='word_1_286' title='bbox 1019 4110 1123 4174; x_wconf 83' lang='lat' dir='ltr'>pedibus</span> <span class='ocrx_word' id='word_1_287' title='bbox 1140 4113 1229 4161; x_wconf 86' lang='lat' dir='ltr'>iutelli—</span> 
     </span>
     <span class='ocr_line' id='line_1_38' title="bbox 176 4182 1228 4247; baseline 0 -12"><span class='ocrx_word' id='word_1_288' title='bbox 176 4187 289 4236; x_wconf 79' lang='lat' dir='ltr'>cautiluu.</span> <span class='ocrx_word' id='word_1_289' title='bbox 324 4183 430 4239; x_wconf 81' lang='lat' dir='ltr'>Tentare,</span> <span class='ocrx_word' id='word_1_290' title='bbox 443 4184 557 4247; x_wconf 82' lang='lat' dir='ltr'>attingere</span> <span class='ocrx_word' id='word_1_291' title='bbox 570 4184 639 4232; x_wconf 87' lang='lat' dir='ltr'>velle.</span> <span class='ocrx_word' id='word_1_292' title='bbox 725 4184 836 4247; x_wconf 77' lang='lat' dir='ltr'>gendum.</span> <span class='ocrx_word' id='word_1_293' title='bbox 871 4182 1043 4233; x_wconf 75' lang='lat' dir='ltr'>EtiemaSilio</span> <span class='ocrx_word' id='word_1_294' title='bbox 1053 4183 1105 4234; x_wconf 84' lang='lat' dir='ltr'>xiii.</span> <span class='ocrx_word' id='word_1_295' title='bbox 1116 4187 1177 4236; x_wconf 71' lang='grc'>327.</span> <span class='ocrx_word' id='word_1_296' title='bbox 1188 4201 1228 4235; x_wconf 79' lang='lat' dir='ltr'>ex·</span> 
     </span>
    </p>
   </div>
   <div class='ocr_carea' id='block_1_4' title="bbox 0 0 1411 5018">
    <p class='ocr_par' dir='ltr' id='par_1_15' title="bbox 0 0 1411 5018">
     <span class='ocr_line' id='line_1_39' title="bbox 0 0 1411 5018; baseline 0 0"><span class='ocrx_word' id='word_1_297' title='bbox 0 0 1411 5018; x_wconf 95' lang='lat' dir='ltr'> </span> 
     </span>
    </p>
   </div>
  </div>
 </body>
</html>
