2806 5018
419 366 738 434 consolatum.
1038 369 1104 439 lar

57 539 137 614 Sed
156 538 308 615 Mavors
325 541 470 639 templo
486 540 644 625 vicinus,
663 550 703 615 ot
720 540 851 614 accola
866 539 1018 638 Campi,

106 654 181 729 'l'ot
197 655 295 729 dixit
310 654 422 729 siccis
439 656 554 728 verba
571 679 641 728 noo
659 655 741 752 ipse
758 654 866 750 genis
880 679 889 727 ε

56 770 299 869 Quamquam
311 795 441 845 amnes
455 772 568 845 decet
580 773 646 856 ira,
659 782 799 856 tamen,
816 769 1006 858 Tiberine,
1020 772 1105 870 qui·

107 886 195 960 Non
214 886 295 973 tibi,
315 911 393 960 nou
410 886 496 960 ullis
515 888 663 960 vincere
681 886 758 960 lata
774 886 897 960 daturr
954 887 1102 980 [escasz

53 1005 137 1078 Iste
154 1028 260 1077 maus
278 1004 409 1101 periit3
440 1005 549 1103 periit
565 1028 669 1078 arma
686 1005 784 1076 inter
802 1014 842 1077 et
859 1027 983 1090 aneos,
1028 1009 1104 1079 235

107 1118 159 1192 Et
174 1119 254 1192 dux
272 1143 339 1218 pro
358 1120 500 1217 patria;
530 1119 660 1193 funere
677 1143 793 1192 causa
809 1117 916 1192 latet.

53 1233 171 1319 Quod
188 1235 293 1332 potui
311 1234 499 1322 tribuisse,
518 1234 628 1309 dedi:
657 1233 813 1307 victoria
830 1244 937 1331 parta
954 1245 1026 1308 eat.

107 1349 250 1424 Auctor
267 1351 346 1424 ablt
362 1350 509 1448 operis;
538 1348 606 1423 sed
624 1359 751 1423 tamen
769 1359 898 1422 exstat
912 1371 1023 1446 opus.

53 1462 260 1548 Quondam
278 1489 348 1561 ego
364 1464 504 1539 tentavi
517 1463 745 1561 Clothoque,
756 1463 927 1560 duasque
944 1485 1103 1551 aurorae,
1131 1481 1132 1484 ’

110 1579 254 1654 Pollice
273 1606 358 1678 quae
376 1591 479 1654 certo
498 1604 616 1678 pensa
633 1603 763 1654 severa
781 1581 945 1667 trahunt,
1027 1583 1103 1654 240

56 1694 114 1769 Ut
131 1695 276 1770 Remus
295 1695 448 1782 Iliades,
467 1707 506 1771 ot
522 1694 636 1768 stater
653 1695 823 1768 conditor
840 1696 945 1768 urbis

109 1811 330 1909 Effugerent
345 1814 473 1910 aliqua
490 1823 623 1906 stagna
640 1809 825 1907 profunda
842 1811 914 1886 via.

56 1927 118 2000 De
146 1928 265 2003 tribus
292 1951 367 2001 uua
391 1925 504 2013 mihi;
532 1936 680 2023 partem
705 1927 847 2024 accipe,
869 1950 956 2023 quae
978 1926 1103 2014 datur,

108 2042 299 2118 Muneris:
320 2042 476 2127 existis,
490 2041 593 2138 quod
608 2041 718 2137 petis,
733 2042 828 2116 alter
845 2042 927 2117 erit.
948 2041 1101 2140 [iuquit

89 2298 148 2346 231.
167 2297 256 2358 Templo
266 2299 363 2354 uicinus,
375 2299 486 2348 etuceolu
495 2315 555 2347 earn-
604 2296 676 2345 cebet
692 2296 776 2362 parire,
791 2314 856 2345 urm
871 2299 935 2346 inter
953 2306 976 2346 et
993 2313 1063 2353 mere,
1081 2308 1105 2345 et

53 2370 106 2433 pr'.]
126 2371 183 2419 Erat
202 2370 266 2418 euim
285 2370 360 2418 Marti
387 2371 511 2435 templum,
532 2371 556 2419 iu
605 2374 653 2420 dur
668 2388 710 2432 pro
723 2373 818 2432 putria!
852 2371 943 2420 Funera
957 2388 1026 2419 curuo
1040 2373 1104 2422 lutet.

56 2460 144 2508 campo
157 2444 188 2492 eb
200 2444 274 2509 ipsius
287 2442 381 2493 nomine
393 2445 466 2501 dicto,
476 2461 555 2494 moru-
606 2444 751 2509 Interpretes
769 2444 810 2491 diu
827 2445 976 2508 multumque
994 2443 1105 2493 exercuit

57 2517 556 2583 r·n‚quodn.1r.c.decuu.n1mim
606 2517 651 2566 hoc
672 2517 846 2568 hemistichion.
879 2517 1034 2582 Intelligebut
1053 2518 1103 2566 Mi·

55 2607 206 2659 percussum,
217 2600 293 2640 totum
303 2592 467 2657 conflagravit.
500 2592 556 2642 Dio.
605 2590 697 2655 eyllus:
714 2607 756 2640 eur
771 2589 840 2639 illurn
857 2591 908 2648 Dii,
922 2607 964 2640 eeu
979 2590 1039 2647 iate,
1054 2598 1104 2640 ren

56 2667 109 2716 Μ..
606 2664 654 2713 aito
664 2664 815 2722 abstulerint,
825 2665 851 2714 in
861 2666 961 2714 obseura
974 2672 1020 2714 eet.
1054 2663 1104 2722 Qui

88 2739 148 2787 288.
171 2740 254 2787 Anares
273 2743 336 2788 deret
357 2741 419 2803 ira]
455 2740 556 2804 Frgregie
606 2753 688 2786 sensus
705 2738 803 2787 nonita
820 2747 945 2803 repugnat,
963 2754 1036 2803 quum
1056 2753 1104 2787 non

56 2813 179 2868 Lunum,
196 2812 227 2862 de
242 2813 307 2871 Nilo,
325 2815 491 2878 Kurupdm(
512 2814 557 2862 im·
583 2807 586 2810 ⁴
606 2811 663 2860 satis
680 2812 740 2861 iuter
756 2828 781 2861 se
798 2821 908 2861 constent
925 2812 1056 2877 seriptmen
1072 2813 1105 2863 de

56 2887 555 2951 petumegnoprofluantaPhemndlo:
606 2900 686 2941 causa,
707 2893 750 2933 aut
770 2885 971 2949 generehmortisr
998 2886 1040 2934 sed
1061 2885 1104 2935 erl·

56 2959 465 3016 ⁴⁴...Quistatarnlanefluenmm
476 2962 555 3009 Motu·
607 2957 723 3005 mittenda
740 2967 797 3005 tuno
818 2957 898 3006 durior
917 2957 992 3005 tulto
1012 2957 1104 3007 dur-lsr-

58 3048 111 3081 rum
122 3040 203 3080 tantm
213 3032 309 3081 violanti
319 3032 419 3096 gurgitis
428 3033 481 3089 ires,
492 3034 556 3090 Nile,
607 3047 688 3090 τωσις,
692 3032 790 3097 sanare,
802 3047 843 3096 pro
852 3032 951 3097 sunnis
967 3032 1002 3079 uel
1008 3030 1104 3095 funeri.

56 3107 143 3172 putetl
160 3107 208 3154 Sed
218 3122 292 3170 quum
304 3107 384 3172 lapsus
394 3108 495 3172 abrupta
505 3107 556 3156 vie·
606 3105 677 3164 Quod
687 3104 842 3168 Scaligerum.
854 3105 940 3153 Heius.
951 3113 976 3153 et
986 3106 1103 3155 Burman·

56 3195 110 3229 rum
137 3180 260 3244 Excepere
285 3188 347 3235 tuos,
374 3190 399 3229 et
424 3181 557 3246 precipites
606 3177 778 3242 nunrimpulit‚
791 3178 1104 3244 utlegerentprirnusqui·

12 3259 15 3263 ’
56 3262 195 3309 estem,
212 3252 249 3301 Aa
266 3269 383 3318 nusquam
400 3254 478 3302 vetitis
494 3254 556 3303 ullas
605 3252 674 3301 deur:
692 3260 709 3280 ‘¹
726 3253 757 3300 Et
777 3255 817 3300 lun
832 3253 905 3314 prol!
921 3252 1002 3318 petria
1021 3252 1104 3303 lunare

57 3326 172 3376 aarum
201 3335 284 3376 cautes
315 3327 449 3391 Indignaris
480 3328 556 3392 equis,
606 3329 685 3375 clouro
699 3327 780 3375 lutet.”
814 3327 926 3374 Heinsius
940 3341 1009 3373 vero:
1044 3329 1103 3376 “Et

56 3416 145 3467 epuns
160 3408 218 3449 tuno
240 3410 303 3449 astru
324 3402 439 3460 lacessis3
464 3402 558 3450 Cuncta
607 3400 647 3448 lux
660 3399 731 3465 proh!
751 3398 931 3464 patriaelarnine
944 3397 1104 3447 casulam?

56 3473 164 3522 fremunt
183 3472 267 3533 undis;
292 3489 321 3521 ee
341 3472 417 3522 multo
439 3489 557 3522 murmura
607 3475 703 3524 Servate
718 3475 849 3522 Burmanni
863 3473 932 3538 priori
947 3472 1104 3531 hemistichia,

57 3545 271 3609 montisilpumaus
280 3546 376 3595 invictis
386 3547 557 3595 eanmoitlluc·
607 3548 653 3597 levi
665 3547 791 3596 admodum
805 3545 978 3594 immutatione.
1015 3546 1105 3596 Utdru

57 3620 125 3670 tibus
136 3619 239 3667 amuis.”
273 3621 329 3668 Non
344 3619 406 3668 mula
419 3629 498 3678 certe;
515 3619 557 3669 sed
606 3638 648 3683 pro
669 3622 762 3676 Putria,
784 3619 884 3667 alterurn
907 3619 941 3668 eie
967 3619 1103 3668 eunetituit:

57 3699 151 3758 quanto
175 3692 250 3757 major
272 3693 397 3748 Homerus,
418 3692 442 3740 in
470 3692 557 3741 descri-
600 3696 691 3759 sunere
711 3710 779 3741 ceusu
798 3702 869 3753 putet.
909 3691 939 3740 Id
960 3701 1004 3748 aet.
1025 3692 1103 3757 iprum

55 3765 147 3816 bandis
164 3765 311 3814 Scamandro
329 3775 354 3814 et
371 3766 500 3822 Simounte,
517 3783 559 3831 pro
600 3767 680 3832 fuum
690 3765 795 3815 declarat
806 3766 909 3813 Drusum
920 3782 962 3828 pru
975 3769 1052 3828 putria
1062 3783 1102 3816 oc-

56 3839 178 3903 ripiscum
186 3838 559 3889 Achilladacertantibus!Iliad.
609 3842 727 3890 cubuisse.
759 3839 901 3888 Proelusaret
920 3839 968 3903 jum
988 3841 1104 3906 Cuparue,

57 3918 91 3963 ὑ.
101 3929 125 3960 r.
136 3914 194 3961 234.
204 3928 258 3977 sqq.
610 3917 709 3965 Observ.
717 3914 750 3962 iv.
760 3916 784 3962 3.

93 3985 152 4034 2³5.
170 3983 388 4049 hampostae]
407 3986 557 4050 Mesenquam
640 3991 697 4037 244.
720 3987 785 4041 Quod
802 3990 867 4049 petis,
883 3988 944 4035 alter
961 3988 1013 4034 erit.
1054 3987 1103 4034 Im-

56 4061 112 4124 ipee
123 4058 154 4107 ed
165 4067 239 4108 artam
248 4061 360 4109 bellicam
371 4060 559 4116 inlrrnrereram,
608 4061 720 4116 mortalis,
736 4060 844 4119 milicem
861 4075 910 4125 que
925 4067 1004 4109 autern
1017 4059 1057 4108 viu
1073 4061 1104 4109 ed

56 4134 219 4197 favebamque
249 4149 329 4183 eruore
355 4144 466 4198 petern05
492 4137 560 4195 periit
610 4136 711 4201 Superos
731 4134 847 4182 Romulus
866 4131 1010 4196 migraverit,
1027 4131 1104 4181 incer·

57 4205 234 4272 quim31ed
249 4208 411 4256 utelumuem
424 4223 503 4256 meum
519 4206 560 4256 da·
611 4216 669 4257 turn.
713 4207 808 4255 Poetiee
837 4204 947 4269 quidem:
981 4210 998 4232 ‘⁴
1018 4204 1104 4254 Martis
