2806 5018
172 329 237 393 402
568 326 823 393 EXCURSUS

172 499 294 573 Terra,
312 499 408 564 Maioe
431 500 559 576 uomina
578 502 610 564 iu
629 522 725 564 nuum
746 520 864 565 numen
884 496 1052 563 cumulata
1069 502 1161 569 suut,
1176 493 1225 559 rel

173 602 338 686 utriusque
354 602 478 666 festum·
493 604 618 668 nonnisi
638 605 670 666 iu
689 624 785 666 uuum
801 603 887 666 diem
904 599 1084 665 incidebat.
1132 597 1226 662 Com·

173 703 307 768 mutatio
322 707 391 790 ejus
405 701 479 769 curu
494 704 749 771 Maia'Mercurii
764 705 917 789 frequens
932 704 965 766 iu
981 701 1213 786 grammaticis.

218 806 357 872 Multum
372 808 519 883 referret,
533 809 559 871 si
576 798 792 892 tempusque
805 807 899 891 hujus
915 805 968 869 vel
982 805 1073 869 illius
1087 802 1224 868 numinis

174 908 278 972 cultus
301 910 333 971 in
358 906 485 973 ltaliam
508 912 644 993 primum
667 910 822 973 advectus
844 908 896 982 sit,
920 908 1078 991 persequi
1102 906 1224 976 liceret,

173 1012 228 1076 ubi
243 1013 274 1076 in
290 1013 401 1096 paucis
417 1013 467 1077 vel
487 1014 674 1097 conjecture
688 1012 807 1096 aliquid
826 1012 954 1075 efficere
975 1010 1067 1076 lieet
1115 1010 1223 1074 Serius

174 1123 297 1198 aperte,
312 1123 348 1178 et
362 1115 413 1179 vel
429 1124 501 1198 post
517 1114 635 1178 Numae
651 1122 795 1198 tempora
809 1114 1053 1178 transieruutv.
1065 1134 1102 1177 c.·
1112 1110 1225 1195 Apollo

173 1226 207 1281 et
219 1217 330 1284 Venus.
366 1216 559 1300 Apollinem,
571 1237 666 1300 quem
679 1238 751 1279 cum
763 1216 831 1299 ipso
843 1216 972 1279 nomine
986 1214 1113 1279 Graeco
1129 1215 1223 1296 adop

173 1328 291 1394 urunt,
304 1321 452 1385 aNumae
463 1320 724 1405 indigitamentis,
735 1318 786 1382 vel
798 1339 920 1382 canone
931 1318 1069 1382 deorum
1082 1340 1105 1381 a
1116 1316 1223 1382 Numa

173 1423 352 1506 agnitorum
380 1422 519 1486 alienum
549 1421 652 1513 suisset
676 1419 837 1483 Aruobius
869 1427 988 1493 narrat,
1020 1428 1057 1484 et
1088 1418 1224 1483 Veneris

173 1518 294 1588 nomeu
308 1515 414 1606 neque
432 1525 463 1586 in
484 1523 624 1587 carmine
645 1523 750 1586 saliari
765 1543 945 1596 occurrere,
961 1544 1076 1607 neque
1099 1521 1223 1585 omniun

173 1626 232 1690 sub
252 1617 382 1709 regibus
404 1627 567 1710 cognitum
585 1626 694 1698 fuisse,
711 1625 842 1689 Cincius
859 1635 893 1688 et
908 1624 1017 1690 Varro
1039 1625 1189 1690 Macrob.
1203 1623 1222 1685 i.

174 1727 227 1792 12.
245 1728 386 1791 tradunt.

220 1828 564 1914 Deniqueadjiciamus
573 1833 719 1916 quaedam
731 1832 772 1895 de
784 1831 941 1906 Hercule,
952 1831 1157 1903 divitiarum,
1167 1828 1221 1891 lor·

175 1940 260 1995 tune
276 1941 310 1995 et
325 1933 418 1997 sortis
436 1933 584 2015 praeside,
601 1934 640 1998 ad
657 1934 685 1997 F
687 1942 746 1997 ast.
763 1934 805 1998 vi.
819 1933 902 1997 212:

291 2083 394 2145 Altera
407 2106 473 2164 pers
487 2085 574 2155 Circi,
588 2085 705 2145 custode
718 2087 772 2145 sub
787 2085 915 2145 Hercule
929 2095 998 2144 tuta
1011 2095 1069 2145 est.

331 2179 364 2238 Si
378 2181 480 2241 titulos
493 2181 604 2260 queris,
621 2179 703 2258 Sylla
714 2180 851 2259 producit
863 2199 943 2259 oper.

200 2434 204 2440 Δ
220 2346 297 2410 Huc
315 2348 473 2439 referunt*
486 2347 589 2411 locum
608 2345 771 2410 Plutarch.
788 2346 877 2431 Sylla
896 2345 959 2409 35:
983 2353 1117 2406 ‘aneta
1136 2347 1164 2405 δὲ
1180 2350 1222 2413 τῆς

175 2453 260 2516 οὐσίας
280 2455 383 2520 ἀπάσης
403 2456 414 2507 l
435 2456 537 2517 Σύλλας
556 2459 593 2524 τῷ
611 2453 736 2526 Ἡρακλεὶ
755 2452 882 2520 texerem
914 2466 934 2509 θ
956 2466 1050 2510 more
1073 2445 1222 2511 Romani!

175 2550 258 2612 satis·
269 2561 421 2614 consueto
437 2551 571 2615 Herculi
591 2553 742 2616 bonorum
763 2549 931 2613 decumam
949 2550 1125 2623 offerendi,
1140 2569 1222 2613 eum-

174 2671 238 2732 que
253 2650 327 2712 inde
344 2672 494 2714 novarum
515 2653 693 2716 divitiarum
711 2652 977 2735 acquirendarum
997 2644 1062 2714 sibi
1078 2649 1223 2735 sperandi

174 2750 380 2833 adjutorem&
426 2753 535 2833 Quum
556 2765 590 2817 et
614 2755 675 2817 alie
698 2754 768 2817 loca
793 2753 960 2826 accedant,
982 2752 1040 2816 ubi
1064 2752 1222 2817 Hercules

174 2861 324 2935 tunquam
347 2855 475 2929 divitiis,
497 2856 573 2918 sorti
596 2864 629 2918 et
651 2856 786 2919 sortuuae
808 2855 999 2938 praepositus
1023 2856 1173 2938 adparet,
1193 2861 1223 2915 et

175 2976 273 3038 quum
291 2963 416 3017 veteres
433 2957 610 3039 etquidem
629 2957 822 3019 recentiores
839 2957 905 3039 jam
924 2954 1097 3020 haedere
1114 2957 1223 3041 quaesi

175 3057 289 3130 verint,
304 3058 425 3141 paucis,
442 3059 518 3140 quid
542 3059 687 3130 sentiam,
709 3057 850 3141 profiteri
875 3057 981 3121 liceat.
1033 3057 1117 3121 Post
1141 3057 1223 3141 pelli

175 3142 268 3220 cendi
292 3145 380 3221 illum
406 3180 536 3233 morem,
562 3168 712 3241 tauquam
742 3147 928 3222 divitiarum
954 3161 1221 3242 acquirendarum

175 3257 256 3320 viam
284 3259 503 3341 superstitiose
529 3260 694 3333 creditam,
719 3260 860 3323 thesauri
886 3261 982 3323 etiam
1012 3261 1221 3329 subterranei,

175 3360 279 3424 subito
299 3371 333 3423 et
354 3371 470 3444 praeter
491 3383 579 3445 spem
601 3362 694 3435 eruti,
711 3363 782 3445 ejus
797 3363 898 3425 favori
913 3363 1031 3427 deberi
1051 3366 1221 3429 credebau-

176 3469 237 3531 tur,
254 3471 288 3524 et
309 3463 455 3527 universe
476 3473 512 3525 ut
532 3463 583 3525 cui
605 3464 743 3527 maxime
765 3485 816 3526 res
832 3486 899 3528 suae
914 3464 1058 3529 feliciter
1072 3467 1220 3550 procede

176 3560 261 3635 bant,
278 3563 322 3625 ita
337 3563 481 3627 Hercule
503 3585 536 3627 se
558 3566 752 3628 dexterrimo
772 3566 818 3628 uti
833 3566 999 3639 credebat,
1017 3589 1163 3653 eumque
1176 3588 1219 3631 co

176 3660 241 3724 lere
265 3664 396 3727 solebat.
443 3667 518 3730 Huc
542 3669 682 3750 pertinet
701 3667 829 3731 Horatii
849 3667 927 3730 illud
950 3669 1022 3732 Sat.
1042 3669 1094 3733 ΙΙ.
1112 3673 1156 3734 vi.
1171 3669 1221 3733 10:

207 3870 219 3902 Ι
237 3864 314 3911 Plant.
326 3867 415 3915 Bacch.
428 3869 472 3915 IV.
484 3868 516 3915 iv.
532 3870 575 3924 ¹53
592 3869 666 3916 Sticlr.
719 3873 760 3918 nal
771 3869 914 3934 κατέὐχάς.
949 3872 1035 3928 Quare
1047 3883 1073 3922 et
1085 3875 1193 3924 Crassum
1200 3881 1219 3918 et

176 3936 210 3982 Il.
224 3935 240 3982 i.
255 3938 301 3997 (el.
314 3939 334 3985 I.
345 3940 376 3986 iii.
388 3942 419 3987 80
429 3942 448 3999 3)
468 3943 550 3995 Varro,
563 3942 591 3988 L.
605 3942 631 3989 L.
645 3960 668 3990 v.
720 3943 848 3991 Lucullum
872 3945 1010 4008 frequenter
1037 3948 1167 3996 decumam
1187 3946 1219 3991 de·

175 4013 222 4064 54;
243 4011 340 4074 Dionys.
359 4014 374 4060 i.
391 4015 429 4062 40.
445 4014 475 4061 de
493 4029 534 4061 era
550 4015 667 4062 maxima:
720 4016 781 4064 disse
799 4016 907 4081 legimus.
919 4026 944 4066 et
960 4034 976 4066 a
991 4022 1167 4071 mercatoribus
1181 4019 1220 4065 lat·

174 4080 321 4142 δεκατεύσεις
336 4085 470 4150 χρημάτων
481 4086 594 4151 γίνονται
608 4105 667 4152 enx-
720 4098 769 4136 tum
781 4104 853 4139 essee
865 4091 974 4140 varrone
988 4105 1102 4159 apparet.
