2806 5018
181 353 246 418 360

578 350 836 416 EXCURSUS

86 512 88 516 ⁸
180 524 270 587 fastis
285 522 509 586 kalendaribus
524 523 677 606 descripti
692 533 794 599 eraut,
811 526 971 589 annalium
986 526 1021 588 iu
1037 547 1163 588 morem
1178 547 1225 588 ex·

176 622 389 689 hibebanturl.
437 623 643 708 Magistratus
666 628 807 709 cujusvis
828 629 911 702 anni,
932 628 1088 692 consules
1111 628 1223 711 potissi·

178 750 265 791 mum
287 728 331 790 ibi
355 727 495 790 annotati
518 749 589 791 esse
611 727 802 803 debebantl,
819 741 853 794 et
875 752 947 794 cum
971 730 1161 794 consulibus
1178 731 1222 793 de

176 852 264 895 mum
278 830 401 894 initium
418 830 542 912 cepisse
558 830 707 895 videntur
724 853 743 895 e
759 830 890 895 Valerio
906 831 1069 904 Maximo,
1087 831 1174 895 libris
1188 832 1222 894 ir.

176 937 207 996 4.
223 955 288 996 sec.
306 933 346 1007 1;
369 941 403 996 et
417 933 471 996 vii.
487 933 518 995 3.
536 955 600 996 sec.
616 934 648 996 2.
665 934 719 997 ubi
740 935 841 998 altero
859 936 896 998 in
908 936 979 998 loco
996 934 1154 999 Valerius
1169 934 1221 998 Po

176 1036 303 1121 plicola,
318 1034 564 1118 primus'cousul
581 1036 755 1101 Fastorum
775 1037 857 1100 illud
869 1038 1007 1101 columen
1023 1047 1179 1110 vocatum
1197 1036 1223 1098 iu

177 1139 277 1203 altero
299 1147 407 1200 autem
424 1137 557 1210 Brutus,
576 1136 700 1201 Valerii
723 1139 755 1201 iu
778 1141 878 1221 primo
903 1139 1075 1203 consulatu
1099 1139 1222 1222 collega,

177 1242 268 1305 vafro
290 1239 354 1312 illo,
370 1260 433 1321 quo
454 1239 619 1322 Tarquinii
640 1239 723 1303 filios
745 1241 883 1324 decepit,
903 1241 1012 1305 osculo
1031 1241 1223 1325 primaerio

177 1343 288 1408 Fastis
300 1341 397 1404 locum
413 1340 472 1402 sibi
486 1362 615 1423 parasse
631 1342 756 1405 dicitur.
794 1343 948 1406 Poterant
964 1343 1067 1427 igitur
1082 1342 1222 1427 gentibus

142 1467 145 1472 ·
179 1445 333 1510 Romanis
357 1442 497 1524 antiquae
517 1464 626 1506 earum
648 1444 804 1507 nobilitati
825 1444 997 1528 probandae
1018 1442 1223 1517 inservire,si

175 1548 284 1632 plures
305 1546 353 1608 sui
376 1545 510 1608 nominis
530 1545 573 1607 ibi
592 1547 693 1609 notati
713 1555 815 1621 erant,
832 1548 918 1609 unde
933 1568 963 1610 v.
981 1568 1010 1609 c.
1061 1545 1222 1618 Horatius,

177 1649 244 1712 Od.
263 1646 331 1710 III.
348 1647 424 1710 xvii.
440 1646 473 1708 2.
490 1646 611 1710 Lamiae
632 1647 681 1710 sui
700 1669 836 1732 proavos
857 1648 890 1712 in
905 1648 997 1711 fastis
1012 1648 1161 1730 undique
1175 1667 1221 1710 uo

176 1759 258 1814 tatos
275 1748 402 1832 generis
419 1747 616 1812 nobilitatem
631 1770 651 1811 a
666 1749 765 1812 Lauro
779 1750 833 1812 illo
846 1759 968 1823 vetere,
983 1749 1221 1835 laestrygonum

176 1873 265 1936 rege,
289 1873 332 1914 ex
355 1858 431 1913 nota
455 1849 671 1914 Romanorum
694 1853 835 1915 vanitate
862 1860 895 1914 et
922 1863 1095 1935 poetarum
1123 1851 1220 1915 edula·
1263 1890 1266 1945 p

179 1957 276 2031 tione,
295 1956 413 2018 ducere
430 1955 533 2017 canit:

332 2081 400 2150 AEli,
412 2092 527 2140 vetusto
540 2081 641 2141 nobilis
655 2083 690 2141 ab
703 2083 803 2152 Lamo,

333 2176 458 2248 Quando
472 2187 501 2235 et
514 2176 621 2254 priores
634 2177 701 2235 hinc
714 2178 829 2236 Lamias
843 2179 941 2237 ferunt

371 2271 586 2338 Denominatos,
602 2281 632 2328 et
645 2282 783 2349 nepotum

410 2364 467 2422 Per
481 2385 613 2421 memores
625 2385 717 2441 genus
729 2363 918 2442 omuesastor

331 2459 459 2517 Auctore
472 2459 507 2516 ab
521 2459 571 2517 illo
584 2458 664 2517 ducit
678 2459 824 2537 originem.

208 2623 214 2656 ¹
231 2622 281 2672 cic.
294 2622 323 2669 ad
338 2620 385 2668 div.
400 2639 423 2668 v.
439 2622 475 2668 la.
486 2623 511 2669 in
528 2621 674 2670 nobilissima

176 2697 275 2764 epistola
290 2694 320 2742 ad
338 2694 479 2742 Lucceium:
507 2695 600 2742 Etenim
617 2695 673 2742 ordo

175 2772 225 2838 ipse
239 2769 359 2817 annalium
371 2768 516 2816 mediocriter
528 2785 569 2815 nos
580 2769 672 2824 retinet,

176 2845 244 2910 quasi
261 2843 564 2906 enrnnerartone‚tortorum
600 2845 673 2890 liora·

176 2920 223 2968 tius
240 2918 273 2966 ita
289 2919 340 2965 Sat.
355 2917 374 2964 1.
390 2916 425 2964 iii.
440 2918 493 2963 112.
501 2920 577 2980 fustus
594 2920 674 2964 mundi

175 2995 205 3042 de
227 2992 297 3040 totius
319 2990 420 3038 universi
446 2991 541 3038 historia
562 2989 628 3045 dicit,
650 2999 674 3037 et

176 3069 256 3116 Carsu.
274 3067 317 3113 lv.
335 3064 384 3112 xiii.
403 3066 439 3111 13.
458 3064 544 3127 Lycen,
561 3073 586 3111 ut
604 3072 674 3111 rotate

174 3142 271 3196 fruatur,
289 3139 425 3192 admonens,
445 3154 530 3185 aunum
550 3135 615 3184 fastis
635 3153 672 3183 se-

175 3217 221 3263 mel
238 3214 380 3277 adscriptum
398 3212 575 3260 irrevocabilem
590 3222 670 3259 vocat:

173 3298 190 3319 ⁴‘
202 3291 255 3337 Nec
268 3290 323 3336 00ae
335 3287 437 3335 referunt
448 3287 498 3350 jam
511 3286 554 3333 tibi
565 3301 672 3349 purpurae

175 3367 228 3413 Nec
240 3363 295 3410 clari
307 3362 399 3425 lapides
413 3369 524 3424 tempora,
537 3376 589 3423 quae
601 3361 673 3407 semel

177 3438 243 3484 Notis
263 3438 352 3483 condita
364 3434 436 3497 ⁸tirstr's
455 3433 556 3480 inclusit
573 3432 673 3479 volucris

173 3512 249 3558 dies.'’

207 3581 217 3614 t
235 3583 287 3630 Liv.
298 3583 330 3629 ix.
343 3584 380 3629 lu.
391 3582 491 3647 paginas
508 3581 531 3627 iu
549 3581 672 3629 annalibus

175 3657 363 3720 magistratuum,
376 3658 488 3719 fastisque
500 3670 632 3719 percurrere
644 3655 671 3701 li-

174 3740 220 3784 cet,
232 3731 354 3776 consulum
367 3730 562 3793 dictatorumque,
572 3746 670 3792 quorum

173 3822 218 3852 nec
231 3804 322 3851 virtutis
331 3820 373 3850 nec
386 3804 481 3851 fortunae
494 3805 542 3851 ullo
553 3805 591 3851 die
603 3807 631 3852 P.
640 3805 672 3851 lt.

173 3876 293 3942 poenituit.
327 3877 432 3924 Annales
458 3879 635 3939 magistratuum
658 3894 672 3925 a

174 3952 241 3999 fastis
262 3948 363 3996 discerni
381 3950 497 4005 videntur,
516 3951 549 3996 ita
570 3961 595 3998 ut
617 3952 670 4000 lasti

174 4024 265 4073 nonnisi
277 4023 385 4070 consules
394 4023 491 4087 singulis
500 4025 567 4070 aunis
574 4025 671 4090 inscrip-

173 4110 217 4155 tos,
229 4098 326 4147 annales
340 4107 418 4144 autem
433 4098 610 4161 magistratuum
626 4116 671 4146 cac-

173 4185 234 4222 teros
245 4172 394 4237 magistratus
404 4172 598 4235 complectantur.
620 4173 672 4220 Cic.

723 2622 753 2671 ad
773 2625 824 2670 Au.
843 2621 874 2669 iv.
891 2622 936 2686 Ep.
955 2621 983 2668 8:
1012 2621 1039 2668 Si
1059 2636 1127 2678 uero,
1145 2621 1169 2671 id
1184 2628 1221 2675 ott.

723 2695 786 2759 quod
798 2695 886 2750 nescio,
897 2710 927 2742 su
936 2695 975 2750 sit,
986 2703 1014 2742 ut
1025 2713 1072 2742 non
1088 2698 1166 2744 minus
1179 2697 1221 2742 lon·

721 2786 763 2833 gos
773 2773 825 2830 jam
841 2773 866 2816 in
883 2770 1042 2816 codicillorum
1048 2770 1125 2832 sestis
1132 2769 1222 2834 saturo

724 2860 774 2889 rum
786 2844 902 2890 consulam
913 2844 1037 2906 paginulas
1049 2843 1150 2898 habeat,
1160 2857 1223 2907 qum

724 2917 847 2972 sactorum,
859 2916 915 2980 quid
932 2916 975 2963 illo
991 2915 1113 2972 miserius,
1125 2916 1167 2964 uisi
1183 2931 1223 2964 ret·

725 2991 827 3054 publica,
845 2994 870 3038 in
889 3006 936 3054 qua
956 3005 985 3037 ne
1004 3000 1115 3054 speratur
1133 2991 1222 3055 quidem

725 3065 809 3111 melius
826 3063 965 3128 quidquam,
982 3063 1024 3110 ubi
1044 3064 1124 3111 cuivis
1140 3061 1221 3111 consuli

724 3156 768 3187 sua
783 3140 870 3204 pagina
884 3139 1003 3187 destinata
1014 3139 1112 3186 videtur
1127 3139 1160 3188 ita
1175 3154 1220 3203 pro-

723 3214 841 3268 babiliter,
857 3222 883 3261 ut
900 3211 1011 3260 consules
1027 3213 1103 3260 annui
1118 3214 1220 3261 summu

724 3290 792 3335 annis
803 3287 1015 3353 superscribantur.
1050 3287 1178 3344 Martialis,
1186 3285 1219 3332 rii.

724 3363 764 3409 26.
777 3363 895 3409 hominem
911 3360 1057 3424 perstringit,
1068 3360 1112 3424 qui
1127 3361 1175 3426 J'am
1188 3373 1218 3406 ee·

723 3445 798 3490 nator,
810 3435 833 3482 id
850 3436 944 3499 insuper
955 3432 1058 3497 adpetit,
1069 3444 1097 3480 ut
1109 3434 1174 3482 turn
1183 3429 1217 3479 ad·
1228 3476 1232 3485 ,

722 3511 837 3558 scribatur
854 3520 877 3558 et
896 3508 1041 3574 provinciam
1058 3511 1218 3564 nanciscatur,

722 3583 808 3646 quibus
817 3584 886 3630 rebus
895 3582 998 3645 dignitas
1006 3584 1141 3631 consularis
1149 3579 1214 3628 innui·

722 3665 772 3704 tur:
794 3657 949 3721 “Sexaginta
968 3664 1033 3704 teras
1052 3674 1128 3721 quum
1146 3655 1215 3703 dmin

722 3746 789 3778 mane
799 3741 896 3786 serretur,
907 3730 965 3777 Esse
976 3730 1020 3777 tibi
1032 3730 1116 3778 videor
1126 3727 1213 3778 desidio

720 3822 760 3853 sus
771 3822 852 3868 eques,
864 3804 936 3862 Quod
947 3821 994 3852 non
1012 3821 1027 3853 a
1042 3805 1120 3870 prime
1135 3805 1210 3853 discur-

721 3895 769 3925 rsm
787 3880 840 3927 luce
858 3895 899 3945 per
915 3880 1009 3927 urbem.
1033 3906 1207 3928 ........

721 3954 768 4001 Sed
783 3962 808 4001 tu
823 3954 945 4018 purpureis
960 3962 987 4000 ut
1002 3953 1045 4001 des
1062 3970 1124 4002 nova
1135 3954 1209 4000 nonina

726 4028 805 4082 Fastis,
817 4028 866 4075 Aut
881 4026 1014 4075 Numidam
1031 4036 1116 4089 gentes
1131 4027 1208 4088 capp·-

722 4101 853 4165 documque
864 4109 941 4166 petas,
952 4110 998 4148 etc.
