2806 5018
501 367 556 431 IN
581 365 743 430 OVIDII
768 366 888 432 IBIN.
1154 368 1220 434 533

170 539 243 603 liari
254 538 349 602 onius
364 537 426 600 loci
435 538 563 601 nomine
579 548 677 601 totam
690 539 858 622 designare
872 539 1077 621 provinciam.
1101 537 1222 621 Neque

170 661 250 703 vero
267 639 367 703 refert
381 640 468 722 quod
484 638 564 713 lbis,
580 640 656 702 lieet
666 639 853 723 AEgyptius,
867 642 908 703 ad
924 639 1102 725 Cinyphem
1118 639 1225 703 editos

171 739 329 826 fingatur:
352 748 459 823 poetas
480 740 639 823 siquidem
659 761 723 803 non
744 740 843 803 semel
865 741 1032 824 regionum
1047 740 1225 804 numinibus

173 851 307 927 propter
323 841 471 905 viciniam
489 841 674 904 abutuntur.
713 841 767 905 Sic
784 842 868 905 enim
884 842 1093 917 Claudianus,
1109 842 1226 926 etipse

173 942 426 1019 Alexandrinus,
443 943 499 1024 qoi
511 962 644 1006 uxorem
660 943 692 1004 in
708 942 812 1025 patria
827 942 976 1016 duxerat,
994 941 1104 1026 Libyae
1119 942 1228 1026 appel·

173 1043 293 1108 latione
314 1065 390 1107 usius
411 1054 479 1120 est;
503 1044 654 1128 idemque
671 1043 860 1108 Pelusiacas
881 1053 916 1108 et
937 1043 1118 1123 Canopious
1139 1064 1158 1105 a
1178 1041 1228 1106 Si·

175 1145 272 1208 donio
287 1145 391 1207 dictus
406 1154 467 1217 est,
483 1166 582 1227 quum
598 1154 705 1208 tamen
721 1143 931 1209 Alexandriae
947 1153 1038 1208 natus
1054 1152 1159 1218 esset;
1181 1144 1227 1207 sic

175 1245 340 1309 Ausonius
354 1246 495 1310 scribens
511 1246 543 1309 iu
559 1245 809 1329 Monosyllahis:

277 1395 456 1464 Threicium,
471 1395 613 1474 Iuhyoum
627 1397 712 1466 freta,
727 1396 971 1476 Cimmeriumque
985 1397 1059 1457 feret
1072 1399 1131 1458 hos.
1191 1439 1201 1451 ‚

178 1553 413 1640 PerIihyousr
435 1553 586 1637 intelligit
599 1553 794 1636 AEgyptum,
815 1562 851 1615 ut
871 1554 1017 1639 Scaliger
1034 1556 1227 1622 observavit.

181 1655 237 1720 Sic
254 1654 355 1718 Persa
369 1676 426 1737 pro
440 1654 540 1718 Medo
557 1663 590 1717 et
602 1663 727 1717 contra:
749 1655 794 1717 sic
810 1656 841 1717 in
854 1654 1031 1721 Cataleotis
1042 1656 1157 1723 Gallus
1170 1679 1231 1743 pro

182 1756 349 1829 Britanno,
366 1764 497 1839 propter
512 1757 678 1840 utriusque
699 1757 804 1840 gentis
821 1758 1027 1823 uicinitatem.
1072 1759 1136 1834 Ita,
1151 1783 1229 1844 quo·

180 1859 265 1921 niam
286 1857 512 1922 Hadriaticum
536 1879 622 1920 mare
648 1857 740 1921 lonio
762 1860 976 1943 conjungitur,
997 1868 1070 1921 κατὰ
1092 1866 1231 1937 μετάδοσιν
1317 1893 1322 1900 ·

183 1969 227 2018 τοῦ
247 1961 366 2034 ὀνόματος
388 1959 513 2022 lonium
535 1959 725 2043 appellator,
740 1967 775 2023 et
795 1958 921 2024 Ionium
937 1962 1075 2027 vicissim
1092 1963 1230 2027 Hadria-

186 2062 296 2134 ticum,
323 2070 359 2123 ut
382 2059 545 2144 Apollonii
569 2061 763 2125 scholiastes
788 2063 829 2125 ed
849 2060 1029 2145 Argonaut.
1053 2064 1107 2127 lib.
1131 2065 1173 2128 iv.
1196 2075 1231 2129 et

184 2162 376 2228 Eustachiua
391 2165 431 2226 ad
450 2163 596 2248 Dionysii
611 2163 801 2246 Perlegesin
816 2172 937 2227 notant.
971 2163 1106 2228 Ovidius
1122 2175 1232 2229 autem

183 2286 247 2349 quo
262 2271 517 2339 στοματομολωσίαν
531 2264 617 2329 Ibidi
636 2286 694 2327 suo
708 2266 928 2349 exprobraret,
939 2266 1036 2348 juxta
1050 2265 1231 2349 Cinyphem

183 2373 295 2430 natum
322 2365 442 2449 lingere
471 2367 548 2430 mihi
574 2367 711 2440 videtur,
738 2367 792 2429 uhi
821 2368 1034 2450 procerissimi
1057 2376 1231 2432 nascuntur

185 2466 276 2538 hirci,
293 2466 348 2549 qui
373 2466 447 2530 iude
472 2466 622 2552 Cinyphii
644 2467 794 2530 dicuutur
821 2467 911 2541 Silio,
931 2468 985 2532 lib.
1005 2469 1058 2543 iii,
1080 2469 1232 2545 Martiali,

184 2568 240 2632 lib.
264 2568 317 2630 vii.
341 2568 581 2652 Epigrammata
607 2569 638 2629 in
666 2567 803 2644 Linum;
834 2569 910 2634 item
934 2568 1082 2655 Virgilio,
1108 2570 1231 2656 Georg.
1338 2602 1342 2609 ·

184 2669 240 2732 lib.
256 2668 300 2730 iii.
317 2690 413 2753 quum
430 2670 491 2732 ait:
810 2686 818 2703 ·

326 2827 390 2885 Nec
403 2828 497 2885 minus
510 2827 621 2886 interea
633 2827 743 2894 barbas,
759 2828 916 2904 incanaque
929 2841 1025 2886 menta

326 2920 461 2998 Cinyphii
475 2918 597 2979 tondent
610 2920 690 2977 hirci.

188 3088 257 3151 Sed
273 3086 340 3150 htec
356 3087 509 3151 hacteuus
521 3109 593 3170 quae
610 3109 668 3171 pro
684 3085 854 3170 compertis
870 3106 932 3148 non
950 3085 1112 3157 tradimus,
1129 3085 1232 3150 donec

188 3209 287 3271 super
299 3189 336 3250 iis
351 3189 457 3252 hahita
472 3190 536 3252 sint
551 3189 727 3253 doctiorum
744 3188 882 3252 comitia.

439 3627 529 3672 FlNlS
543 3627 713 3673 EXCURSUS
728 3629 765 3674 lu
781 3629 889 3674 ovlnu
904 3629 986 3674 tntu.
