2806 5018
534 387 641 452 IBlS.
1041 391 1102 454 tul

59 558 192 657 thue
209 585 341 660 perum
359 561 453 645 miti,
471 561 540 632 sed
557 584 632 632 non
649 559 816 657 impune,
835 542 1098 649 Prometheus]

107 675 241 750 Aerios
258 678 427 750 volucres
445 676 627 771 sanguine
643 675 742 748 fixus
760 677 860 750 slas:

55 790 127 876 Ac,
146 792 250 864 velut
263 791 458 864 Etracides
469 814 605 885 magno
617 800 675 863 ter
683 790 732 862 sb
746 788 911 864 Hercule
929 792 1097 888 quintus

111 905 243 981 Caesus
262 908 300 980 in
318 908 541 980 immensum
560 904 756 1003 projiciare
771 904 931 978 fretum:
1025 910 1102 980 296

56 1020 149 1106 Aut,
168 1034 210 1094 ut
227 1023 495 1121 Amyntiaden,
515 1019 614 1118 turpi
631 1019 794 1093 dilectus
809 1042 937 1093 amore

111 1136 256 1223 Oderit,
276 1150 316 1212 et
332 1162 430 1211 saevo
440 1138 618 1231 ,vulneret
634 1159 725 1209 ense
741 1158 856 1233 puer:

24 1324 29 1333 ,
59 1250 97 1323 N
99 1275 142 1325 ec
161 1252 230 1325 tihi
247 1252 324 1327 fida
339 1252 460 1348 magis
477 1249 625 1324 misceri
644 1251 780 1347 pocula
798 1250 954 1347 possint,

109 1366 234 1450 Quam
251 1370 317 1467 qui
333 1368 528 1463 cornigero
545 1367 594 1439 de
611 1364 706 1439 Jove
722 1375 831 1438 notus
850 1376 941 1439 erat.
1025 1369 1102 1436 300

59 1479 168 1554 More
185 1483 244 1556 vel
262 1484 424 1558 intereas
442 1483 545 1580 capti
563 1505 769 1579 suspensus
788 1482 930 1567 Achaei,

108 1595 183 1680 Qui
200 1599 314 1672 miser
330 1598 489 1672 aurifera
505 1607 603 1670 teste
620 1598 803 1694 pependit
819 1621 939 1695 aqua:

56 1712 137 1784 Aut
157 1724 197 1786 ut
215 1713 412 1788 Achillidae
430 1723 593 1808 cognato
611 1713 759 1786 nomine
777 1715 921 1786 clarum

10 1860 15 1871 ·
109 1826 310 1927 Opprimat
327 1829 454 1903 hostili
471 1829 599 1924 tegula
612 1830 715 1924 jactu
733 1853 868 1903 mono:

58 1943 143 2017 Nec
160 1955 226 2017 tua
243 1968 357 2041 quam
372 1943 520 2042 Pyrrhi,
536 1941 680 2016 felicius
697 1968 784 2018 ossa
800 1946 1010 2042 quieseant,
1024 1945 1098 2015 305

55 2096 94 2138 eet
120 2088 259 2138 exstinctus.
301 2089 442 2137 Exanimum
469 2103 555 2154 corpus
604 2087 662 2152 lippi
680 2089 774 2146 sororio,
793 2090 855 2155 apud
877 2106 957 2155 regem
972 2090 1099 2156 sepissime

57 2161 163 2211 reddidit
181 2161 259 2218 sociis,
278 2162 405 2211 ndiirmsrn
424 2178 479 2210 eum
497 2177 555 2210 essu
604 2162 736 2212 Pausanias
747 2173 947 2229 conquestusest:
966 2163 1007 2213 ille
1019 2172 1099 2213 sotem

57 2236 486 2303 lepsnmlnequascelidssmortnunr
495 2249 555 2283 esse.
605 2234 1101 2302 hocprotrshendopsrvifecit5Psussuiss

89 2310 148 2357 293.
168 2309 243 2372 thue
260 2324 344 2371 purasne
364 2308 447 2371 mitis]
475 2307 555 2357 Scriba
604 2308 694 2357 inimici
706 2310 781 2358 Attuli
793 2310 902 2376 injurium
916 2311 940 2360 iu
951 2312 1027 2376 ipsum
1035 2311 1101 2376 judi·

57 2386 120 2439 niti,
131 2391 156 2431 et
166 2383 226 2431 reler
236 2382 267 2431 erl
277 2383 305 2432 τὸ
315 2386 436 2448 margarino.
449 2382 482 2429 H.
509 2381 556 2429 lrn·
605 2397 657 2430 cern
667 2382 746 2439 vertit,
754 2399 824 2448 quern
835 2382 923 2447 glsdio,
931 2384 956 2433 in
967 2400 1014 2450 quo
1025 2383 1101 2449 qund-

55 2472 128 2517 pune,
157 2455 309 2504 Prometheos.
353 2455 514 2511 Prometheus,
541 2470 556 2505 s
605 2455 661 2520 tigre
672 2466 746 2513 erent,
757 2457 884 2507 interiecit.
899 2459 961 2508 ΖΑΒ.

57 2528 171 2577 Vulcano
184 2529 297 2593 religatus
307 2528 332 2577 in
343 2529 451 2578 Caucaso
466 2536 554 2586 monta,
638 2530 696 2578 300.
715 2530 789 2584 ernrn
808 2535 847 2594 qni
862 2535 980 2596 contigero
1000 2535 1028 2580 de
1046 2530 1102 2580 Joee

55 2600 261 2666 pascitequilaar:
274 2601 385 2667 quonism
394 2609 419 2649 et
429 2601 557 2650 olimDeos
606 2612 674 2651 notos
683 2604 752 2666 crat]
770 2605 887 2670 Intelligit
897 2606 1009 2669 Salvsgn.
1028 2605 1102 2653 Alex-

56 2673 190 2739 deceperit,
210 2682 236 2723 et
257 2675 336 2739 ignem
357 2674 499 2740 subripuerit
524 2674 555 2723 de
606 2676 714 2732 andrum,
733 2677 774 2742 qni
789 2678 943 2726 Hammonem
958 2679 1043 2727 Jovem
1060 2693 1102 2742 ge-

52 2747 130 2798 eoelo.
340 2775 344 2781 »
605 2749 667 2798 neris
676 2751 713 2798 sui
723 2760 841 2800 auctorem
852 2751 917 2799 credi
927 2751 1032 2800 volebat.

90 2823 149 2871 296.
168 2823 217 2870 Aut
235 2824 299 2870 oelot
319 2822 458 2884 Euander]
487 2823 554 2870 Etrs·
637 2824 801 2887 uulnerat]
821 2823 932 2888 Intellige
942 2823 1102 2873 Andromachi

53 2895 134 2951 eides,
154 2911 226 2961 quum
247 2895 347 2945 Clebam
368 2911 475 2961 puerum,
496 2894 554 2943 Dori
605 2895 748 2961 filiumqui,
760 2912 833 2960 quum
847 2897 979 2945 universnm
993 2897 1101 2945 cis'l'nu·

55 2969 145 3026 fllium,
160 2970 185 3017 in
201 2969 293 3018 deliciis
309 2969 413 3027 haberet,
427 2970 498 3035 eique
514 2970 556 3018 tri·
605 2985 657 3018 mm
678 2970 761 3018 Asiam
788 2969 886 3035 imperio
904 2985 947 3018 auo
967 2979 1066 3033 regeret,
1089 2984 1103 3018 e

56 3045 145 3092 bneret
155 3043 241 3100 omnis,
248 3044 278 3091 sb
288 3058 317 3092 eo
327 3043 419 3092 occisus
429 3050 474 3092 est.
491 3044 516 3091 N
518 3058 556 3091 sm
607 3042 692 3092 Belide
712 3052 737 3090 et
758 3042 874 3107 Cambylo
895 3040 1007 3107 proditos,
1025 3050 1050 3090 et
1071 3041 1102 3090 sd

53 3132 120 3183 puer
132 3116 158 3164 in
172 3116 297 3165 militarem
312 3117 418 3166 ardorem
431 3116 557 3173 excitatus,
606 3133 684 3182 regem
697 3116 840 3165 Antiochum
851 3115 978 3171 adductus,
989 3115 1102 3165 crudelis·

55 3198 146 3238 necato
162 3189 265 3246 domino,
282 3190 411 3238 exercitum
432 3189 557 3249 contruxit,
606 3192 665 3239 simo
681 3189 797 3256 supplicio
813 3187 911 3245 interiit,
924 3197 950 3237 ut
961 3189 1046 3255 Polyb.
1060 3189 1103 3238 lib.

56 3264 157 3327 lsteque
183 3272 297 3327 evagatus
323 3263 428 3312 condidit
456 3264 557 3312 cumam
608 3264 658 3312 viii.
669 3281 693 3328 p.
703 3265 761 3313 528.
771 3261 891 3311 describit.

59 3334 257 3399 Phryconitiden.
274 3336 345 3384 Dour.
379 3336 466 3400 Magno
483 3346 518 3383 ter
530 3338 559 3383 ult
640 3340 695 3387 303.
709 3336 951 3398 AutorAetilliden]
965 3335 1016 3384 Alii
1024 3336 1103 3384 Achil-

57 3409 167 3456 Hermrle
181 3414 282 3472 quintus.
314 3410 361 3468 Qui
380 3410 477 3474 quintus
496 3411 557 3458 Iler·
609 3415 668 3460 lide.
685 3411 765 3461 Scrrhe
777 3413 906 3468 Achillidae,
918 3410 962 3458 hoc
971 3418 1007 3458 cst
1017 3409 1102 3475 Pyrrhi

56 3482 127 3530 enter
143 3490 240 3530 rocetos
261 3493 304 3539 est,
322 3491 375 3548 post
393 3491 429 3530 ter
445 3498 557 3547 maguum
608 3486 767 3551 Neoptolemi.
786 3486 819 3532 H.
854 3486 902 3532 rior
919 3493 946 3531 ot
965 3486 1102 3533 Achilliden.

55 3555 130 3604 ihm
147 3554 282 3612 Herculem,
293 3556 360 3620 cujus
373 3554 480 3620 ingentis
494 3557 558 3604 sacta
608 3560 712 3623 Pyrrhus
733 3567 838 3606 mttemo
858 3571 942 3620 gauere
961 3557 992 3604 ab
1008 3556 1103 3606 Achille

55 3627 165 3676 Theseus
175 3636 210 3675 est
220 3629 352 3677 emulatus.
607 3632 727 3686 oriundus,
744 3639 840 3696 paterno
857 3630 887 3677 ab
903 3630 1015 3685 Hercule,
1029 3646 1104 3695 quum

92 3700 152 3749 297.
176 3702 232 3757 Aut,
250 3711 278 3749 ut
300 3705 467 3766 Amyntiaden,
495 3707 559 3765 turpi
607 3705 719 3754 adversos
730 3703 874 3768 Antigonum
886 3703 961 3768 Argos
975 3703 1101 3760 obsideret,

55 3777 158 3825 dilectus
169 3793 244 3822 amors
254 3777 343 3833 Oderit,
354 3786 376 3824 et
390 3794 444 3826 sevo
456 3779 559 3824 vulneret
608 3796 666 3829 snus
677 3796 690 3828 e
701 3787 764 3827 tecto
777 3787 888 3842 spectans
900 3777 974 3826 filium
987 3777 1103 3844 prodeun-

57 3865 113 3898 ense
121 3850 202 3913 peren]
221 3851 353 3916 Philippus,
364 3851 475 3915 Amynte
489 3852 558 3909 lilius,
608 3864 655 3903 tem
673 3856 696 3902 in
714 3853 798 3909 aciem,
814 3862 838 3900 et
857 3851 962 3917 periculo
980 3861 1104 3908 commota,

57 3921 221 3971 Macedonum
231 3925 559 3989 mnbonculoacceperst.
608 3937 707 3993 utraque
724 3943 795 3976 mano
813 3926 918 3989 tegulam
937 3925 1039 3984 demisit,
1056 3941 1104 3990 qua

56 4005 87 4044 rrt
97 3995 227 4060 quadrigas
237 3997 348 4046 evitaret:
360 4013 415 4045 nam
425 4009 475 4045 erat
486 3999 516 4046 sb
526 3998 560 4045 eia
608 4003 757 4051 exanimatus
767 4010 803 4049 est
810 4000 920 4064 Pyrrhus,
929 4010 954 4048 ot
960 3998 1103 4049 Plutarchus

58 4071 85 4119 in
103 4070 159 4118 letis
176 4080 203 4118 nt
219 4071 374 4120 occideretur.
408 4073 463 4119 Nou
478 4080 559 4121 tamen
608 4084 632 4124 et
643 4073 767 4125 Cornelius
777 4074 890 4122 scribunt.
906 4072 977 4120 Don.

60 4143 104 4191 isti
119 4143 252 4209 periculum
268 4145 371 4208 effugere
387 4145 472 4209 potuit.
504 4146 558 4194 Stu·
642 4148 884 4209 305.Nectuoquam
893 4141 1102 4208 Pyrrhi,etc.]De

58 4225 128 4283 prato
137 4219 225 4268 etenim
236 4219 356 4268 Peusnois
367 4221 397 4268 ab
408 4220 491 4269 Attalo
502 4220 559 4269 Phi-
610 4219 699 4284 Pyrrho
729 4219 884 4283 Neoptolemo
915 4214 1103 4279 intelligendum,
