<?xml version="1.0" encoding="UTF-8"?>
<!DOCTYPE html PUBLIC "-//W3C//DTD XHTML 1.0 Transitional//EN"
    "http://www.w3.org/TR/xhtml1/DTD/xhtml1-transitional.dtd">
<html xmlns="http://www.w3.org/1999/xhtml" xml:lang="en" lang="en">
 <head>
  <title>
</title>
<meta http-equiv="Content-Type" content="text/html;charset=utf-8" />
  <meta name='ocr-system' content='tesseract 3.04.00' />
  <meta name='ocr-capabilities' content='ocr_page ocr_carea ocr_par ocr_line ocrx_word'/>
</head>
<body>
  <div class='ocr_page' id='page_1' title='image "./povidiinasoniso03burmgoog_0078.png"; bbox 0 0 2806 5018; ppageno 0'>
   <div class='ocr_carea' id='block_1_1' title="bbox 463 361 1221 432">
    <p class='ocr_par' dir='ltr' id='par_1_1' title="bbox 463 361 1221 432">
     <span class='ocr_line' id='line_1_1' title="bbox 463 361 1221 432; baseline 0.008 -6"><span class='ocrx_word' id='word_1_1' title='bbox 463 361 722 428; x_wconf 83' lang='lat' dir='ltr'>FASTORUM</span> <span class='ocrx_word' id='word_1_2' title='bbox 748 363 840 429; x_wconf 87' lang='lat' dir='ltr'><strong>LIB.</strong></span> <span class='ocrx_word' id='word_1_3' title='bbox 865 364 914 428; x_wconf 89' lang='grc' dir='ltr'>ΙΙ.</span> <span class='ocrx_word' id='word_1_4' title='bbox 1175 369 1221 432; x_wconf 87' lang='grc'>77</span> 
     </span>
    </p>
   </div>
   <div class='ocr_carea' id='block_1_2' title="bbox 174 534 1228 2471">
    <p class='ocr_par' dir='ltr' id='par_1_2' title="bbox 174 534 1108 752">
     <span class='ocr_line' id='line_1_2' title="bbox 174 534 1108 630; baseline 0.007 -23"><span class='ocrx_word' id='word_1_5' title='bbox 174 534 356 630; x_wconf 85' lang='lat' dir='ltr'>Fregerat</span> <span class='ocrx_word' id='word_1_6' title='bbox 373 534 537 607; x_wconf 85' lang='lat' dir='ltr'>armillas</span> <span class='ocrx_word' id='word_1_7' title='bbox 555 559 631 607; x_wconf 92' lang='lat' dir='ltr'>non</span> <span class='ocrx_word' id='word_1_8' title='bbox 647 536 712 609; x_wconf 90' lang='lat' dir='ltr'>illa</span> <span class='ocrx_word' id='word_1_9' title='bbox 729 537 777 609; x_wconf 92' lang='lat' dir='ltr'>ad</span> <span class='ocrx_word' id='word_1_10' title='bbox 796 537 951 611; x_wconf 90' lang='lat' dir='ltr'>brachia</span> <span class='ocrx_word' id='word_1_11' title='bbox 968 538 1108 614; x_wconf 87' lang='lat' dir='ltr'>factas:</span> 
     </span>
     <span class='ocr_line' id='line_1_3' title="bbox 224 649 1099 752; baseline 0.008 -31"><span class='ocrx_word' id='word_1_12' title='bbox 224 649 471 745; x_wconf 84' lang='lat' dir='ltr'>Stringebant</span> <span class='ocrx_word' id='word_1_13' title='bbox 488 673 644 744; x_wconf 83' lang='lat' dir='ltr'>magnos</span> <span class='ocrx_word' id='word_1_14' title='bbox 662 651 810 724; x_wconf 91' lang='lat' dir='ltr'>vincula</span> <span class='ocrx_word' id='word_1_15' title='bbox 827 675 942 749; x_wconf 91' lang='lat' dir='ltr'>parva</span> <span class='ocrx_word' id='word_1_16' title='bbox 960 655 1099 752; x_wconf 89' lang='lat' dir='ltr'>pedes:</span> 
     </span>
    </p>

    <p class='ocr_par' dir='ltr' id='par_1_3' title="bbox 177 764 1225 978">
     <span class='ocr_line' id='line_1_4' title="bbox 177 764 1224 864; baseline 0.007 -28"><span class='ocrx_word' id='word_1_17' title='bbox 177 764 268 863; x_wconf 89' lang='lat' dir='ltr'>Ipsa</span> <span class='ocrx_word' id='word_1_18' title='bbox 285 765 390 863; x_wconf 89' lang='lat' dir='ltr'>capit</span> <span class='ocrx_word' id='word_1_19' title='bbox 406 764 628 860; x_wconf 85' lang='lat' dir='ltr'>clavamque</span> <span class='ocrx_word' id='word_1_20' title='bbox 648 789 813 861; x_wconf 89' lang='lat' dir='ltr'>gravem,</span> <span class='ocrx_word' id='word_1_21' title='bbox 832 767 1072 864; x_wconf 90' lang='lat' dir='ltr'>spoliumque</span> <span class='ocrx_word' id='word_1_22' title='bbox 1090 771 1224 858; x_wconf 90' lang='lat' dir='ltr'>leonis,</span> 
     </span>
     <span class='ocr_line' id='line_1_5' title="bbox 226 880 1225 978; baseline 0.006 -26"><span class='ocrx_word' id='word_1_23' title='bbox 226 880 468 977; x_wconf 89' lang='lat' dir='ltr'>Conditaque</span> <span class='ocrx_word' id='word_1_24' title='bbox 486 882 524 953; x_wconf 91' lang='lat' dir='ltr'>in</span> <span class='ocrx_word' id='word_1_25' title='bbox 542 880 717 978; x_wconf 88' lang='lat' dir='ltr'>pharetra</span> <span class='ocrx_word' id='word_1_26' title='bbox 734 882 810 955; x_wconf 89' lang='lat' dir='ltr'>tela</span> <span class='ocrx_word' id='word_1_27' title='bbox 828 883 971 955; x_wconf 90' lang='lat' dir='ltr'>minora</span> <span class='ocrx_word' id='word_1_28' title='bbox 988 907 1070 956; x_wconf 87' lang='lat' dir='ltr'>sua.</span> <span class='ocrx_word' id='word_1_29' title='bbox 1152 890 1225 960; x_wconf 85' lang='lat'>326</span> 
     </span>
    </p>

    <p class='ocr_par' dir='ltr' id='par_1_4' title="bbox 175 995 1138 1208">
     <span class='ocr_line' id='line_1_6' title="bbox 175 995 1138 1094; baseline 0.005 -27"><span class='ocrx_word' id='word_1_30' title='bbox 175 995 242 1068; x_wconf 88' lang='lat' dir='ltr'>Sic</span> <span class='ocrx_word' id='word_1_31' title='bbox 260 995 382 1094; x_wconf 92' lang='lat' dir='ltr'>epulis</span> <span class='ocrx_word' id='word_1_32' title='bbox 399 995 532 1080; x_wconf 82' lang='lat' dir='ltr'>suncti,</span> <span class='ocrx_word' id='word_1_33' title='bbox 552 996 606 1067; x_wconf 91' lang='lat' dir='ltr'>sic</span> <span class='ocrx_word' id='word_1_34' title='bbox 624 995 716 1068; x_wconf 90' lang='lat' dir='ltr'>dant</span> <span class='ocrx_word' id='word_1_35' title='bbox 734 1020 802 1068; x_wconf 91' lang='lat' dir='ltr'>sua</span> <span class='ocrx_word' id='word_1_36' title='bbox 819 1020 976 1093; x_wconf 91' lang='lat' dir='ltr'>corpora</span> <span class='ocrx_word' id='word_1_37' title='bbox 994 1021 1138 1085; x_wconf 90' lang='lat' dir='ltr'>somno,</span> 
     </span>
     <span class='ocr_line' id='line_1_7' title="bbox 229 1109 903 1208; baseline 0.001 -26"><span class='ocrx_word' id='word_1_38' title='bbox 229 1109 280 1182; x_wconf 91' lang='lat' dir='ltr'>Et</span> <span class='ocrx_word' id='word_1_39' title='bbox 296 1109 428 1208; x_wconf 90' lang='lat' dir='ltr'>positis</span> <span class='ocrx_word' id='word_1_40' title='bbox 443 1112 556 1207; x_wconf 88' lang='lat' dir='ltr'>juxta</span> <span class='ocrx_word' id='word_1_41' title='bbox 573 1113 781 1185; x_wconf 85' lang='lat' dir='ltr'>secubuere</span> <span class='ocrx_word' id='word_1_42' title='bbox 799 1113 903 1186; x_wconf 88' lang='lat' dir='ltr'>toris.</span> 
     </span>
    </p>

    <p class='ocr_par' dir='ltr' id='par_1_5' title="bbox 175 1227 1058 1325">
     <span class='ocr_line' id='line_1_8' title="bbox 175 1227 1058 1325; baseline 0.002 -26"><span class='ocrx_word' id='word_1_43' title='bbox 175 1227 324 1299; x_wconf 85' lang='lat' dir='ltr'><strong>Causa:</strong></span> <span class='ocrx_word' id='word_1_44' title='bbox 353 1227 533 1323; x_wconf 84' lang='lat' dir='ltr'>repertori</span> <span class='ocrx_word' id='word_1_45' title='bbox 551 1227 636 1299; x_wconf 89' lang='lat' dir='ltr'>vitis</span> <span class='ocrx_word' id='word_1_46' title='bbox 655 1227 718 1325; x_wconf 93' lang='lat' dir='ltr'>pia</span> <span class='ocrx_word' id='word_1_47' title='bbox 736 1252 841 1301; x_wconf 89' lang='lat' dir='ltr'>sacra</span> <span class='ocrx_word' id='word_1_48' title='bbox 859 1230 1058 1325; x_wconf 90' lang='lat' dir='ltr'>parabant,</span> 
     </span>
    </p>

    <p class='ocr_par' dir='ltr' id='par_1_6' title="bbox 176 1340 1228 1669">
     <span class='ocr_line' id='line_1_9' title="bbox 227 1340 1228 1440; baseline 0.009 -29"><span class='ocrx_word' id='word_1_49' title='bbox 227 1340 323 1424; x_wconf 85' lang='lat' dir='ltr'>Quae</span> <span class='ocrx_word' id='word_1_50' title='bbox 340 1340 508 1415; x_wconf 82' lang='lat' dir='ltr'>facerent</span> <span class='ocrx_word' id='word_1_51' title='bbox 527 1366 631 1440; x_wconf 89' lang='lat' dir='ltr'>pure,</span> <span class='ocrx_word' id='word_1_52' title='bbox 652 1368 770 1440; x_wconf 92' lang='lat' dir='ltr'>quum</span> <span class='ocrx_word' id='word_1_53' title='bbox 787 1344 884 1417; x_wconf 82' lang='lat' dir='ltr'>soret</span> <span class='ocrx_word' id='word_1_54' title='bbox 901 1357 984 1417; x_wconf 89' lang='lat' dir='ltr'>orta</span> <span class='ocrx_word' id='word_1_55' title='bbox 1001 1346 1095 1419; x_wconf 77' lang='lat' dir='ltr'>dies</span> <span class='ocrx_word' id='word_1_56' title='bbox 1120 1347 1228 1440; x_wconf 81' lang='lat' dir='ltr'>[dett</span> 
     </span>
     <span class='ocr_line' id='line_1_10' title="bbox 176 1456 1223 1558; baseline 0.007 -30"><span class='ocrx_word' id='word_1_57' title='bbox 176 1456 312 1528; x_wconf 89' lang='lat' dir='ltr'>Noctis</span> <span class='ocrx_word' id='word_1_58' title='bbox 330 1468 412 1530; x_wconf 91' lang='lat' dir='ltr'>erat</span> <span class='ocrx_word' id='word_1_59' title='bbox 423 1457 611 1530; x_wconf 89' lang='lat' dir='ltr'>medium:</span> <span class='ocrx_word' id='word_1_60' title='bbox 632 1460 724 1556; x_wconf 92' lang='lat' dir='ltr'>quid</span> <span class='ocrx_word' id='word_1_61' title='bbox 741 1486 815 1533; x_wconf 92' lang='lat' dir='ltr'>non</span> <span class='ocrx_word' id='word_1_62' title='bbox 831 1485 935 1533; x_wconf 90' lang='lat' dir='ltr'>amor</span> <span class='ocrx_word' id='word_1_63' title='bbox 951 1461 1143 1558; x_wconf 92' lang='lat' dir='ltr'>improbus</span> <span class='ocrx_word' id='word_1_64' title='bbox 1158 1486 1223 1535; x_wconf 92' lang='lat' dir='ltr'>au·</span> 
     </span>
     <span class='ocr_line' id='line_1_11' title="bbox 229 1569 1173 1669; baseline 0.007 -27"><span class='ocrx_word' id='word_1_65' title='bbox 229 1569 396 1643; x_wconf 87' lang='lat' dir='ltr'>Roscida</span> <span class='ocrx_word' id='word_1_66' title='bbox 412 1596 479 1669; x_wconf 88' lang='lat' dir='ltr'>per</span> <span class='ocrx_word' id='word_1_67' title='bbox 498 1572 672 1645; x_wconf 89' lang='lat' dir='ltr'>tenebras</span> <span class='ocrx_word' id='word_1_68' title='bbox 692 1574 844 1648; x_wconf 87' lang='lat' dir='ltr'>Faunus</span> <span class='ocrx_word' id='word_1_69' title='bbox 862 1576 910 1648; x_wconf 92' lang='lat' dir='ltr'>ad</span> <span class='ocrx_word' id='word_1_70' title='bbox 929 1587 1036 1649; x_wconf 89' lang='lat' dir='ltr'>antra</span> <span class='ocrx_word' id='word_1_71' title='bbox 1054 1576 1173 1663; x_wconf 82' lang='lat' dir='ltr'>venit3</span> 
     </span>
    </p>

    <p class='ocr_par' dir='ltr' id='par_1_7' title="bbox 175 1683 1227 2471">
     <span class='ocr_line' id='line_1_12' title="bbox 180 1683 1107 1786; baseline 0.008 -30"><span class='ocrx_word' id='word_1_72' title='bbox 180 1683 309 1781; x_wconf 89' lang='lat' dir='ltr'>thue</span> <span class='ocrx_word' id='word_1_73' title='bbox 326 1686 430 1759; x_wconf 90' lang='lat' dir='ltr'>videt</span> <span class='ocrx_word' id='word_1_74' title='bbox 448 1710 579 1760; x_wconf 93' lang='lat' dir='ltr'>somno</span> <span class='ocrx_word' id='word_1_75' title='bbox 597 1688 754 1762; x_wconf 90' lang='lat' dir='ltr'>comites</span> <span class='ocrx_word' id='word_1_76' title='bbox 773 1689 935 1786; x_wconf 90' lang='lat' dir='ltr'>vinoque</span> <span class='ocrx_word' id='word_1_77' title='bbox 950 1691 1107 1778; x_wconf 93' lang='lat' dir='ltr'>solutos,</span> 
     </span>
     <span class='ocr_line' id='line_1_13' title="bbox 230 1800 1100 1901; baseline 0.006 -29"><span class='ocrx_word' id='word_1_78' title='bbox 230 1800 347 1898; x_wconf 89' lang='lat' dir='ltr'>Spem</span> <span class='ocrx_word' id='word_1_79' title='bbox 365 1802 468 1898; x_wconf 86' lang='lat' dir='ltr'>capit</span> <span class='ocrx_word' id='word_1_80' title='bbox 484 1802 522 1873; x_wconf 93' lang='lat' dir='ltr'>in</span> <span class='ocrx_word' id='word_1_81' title='bbox 540 1802 702 1876; x_wconf 89' lang='lat' dir='ltr'>dominis</span> <span class='ocrx_word' id='word_1_82' title='bbox 721 1829 806 1879; x_wconf 91' lang='lat' dir='ltr'>esse</span> <span class='ocrx_word' id='word_1_83' title='bbox 824 1805 969 1901; x_wconf 89' lang='lat' dir='ltr'>soporis</span> <span class='ocrx_word' id='word_1_84' title='bbox 988 1805 1100 1878; x_wconf 90' lang='lat' dir='ltr'>idem.</span> 
     </span>
     <span class='ocr_line' id='line_1_14' title="bbox 178 1914 1227 2005; baseline 0.008 -19"><span class='ocrx_word' id='word_1_85' title='bbox 178 1914 312 2001; x_wconf 86' lang='lat' dir='ltr'>Intrat,</span> <span class='ocrx_word' id='word_1_86' title='bbox 332 1926 371 1989; x_wconf 90' lang='lat' dir='ltr'>et</span> <span class='ocrx_word' id='word_1_87' title='bbox 388 1917 462 1988; x_wconf 90' lang='lat' dir='ltr'>huc</span> <span class='ocrx_word' id='word_1_88' title='bbox 482 1916 569 1989; x_wconf 92' lang='lat' dir='ltr'>illuc</span> <span class='ocrx_word' id='word_1_89' title='bbox 589 1920 807 1992; x_wconf 90' lang='lat' dir='ltr'>temerarius</span> <span class='ocrx_word' id='word_1_90' title='bbox 827 1929 924 1991; x_wconf 88' lang='lat' dir='ltr'>errat</span> <span class='ocrx_word' id='word_1_91' title='bbox 942 1919 1100 2005; x_wconf 89' lang='lat' dir='ltr'>adulter,</span> <span class='ocrx_word' id='word_1_92' title='bbox 1153 1926 1227 1994; x_wconf 87' lang='grc'>335</span> 
     </span>
     <span class='ocr_line' id='line_1_15' title="bbox 230 2028 1101 2129; baseline 0.006 -28"><span class='ocrx_word' id='word_1_93' title='bbox 230 2028 280 2101; x_wconf 90' lang='lat' dir='ltr'>Et</span> <span class='ocrx_word' id='word_1_94' title='bbox 297 2030 447 2129; x_wconf 82' lang='lat' dir='ltr'>praesert</span> <span class='ocrx_word' id='word_1_95' title='bbox 464 2043 596 2104; x_wconf 91' lang='lat' dir='ltr'>cautas</span> <span class='ocrx_word' id='word_1_96' title='bbox 614 2033 935 2129; x_wconf 89' lang='lat' dir='ltr'>subsequiturque</span> <span class='ocrx_word' id='word_1_97' title='bbox 955 2057 1101 2106; x_wconf 89' lang='lat' dir='ltr'>manus.</span> 
     </span>
     <span class='ocr_line' id='line_1_16' title="bbox 175 2143 1079 2244; baseline 0.006 -30"><span class='ocrx_word' id='word_1_98' title='bbox 175 2143 345 2218; x_wconf 90' lang='lat' dir='ltr'>Venerat</span> <span class='ocrx_word' id='word_1_99' title='bbox 361 2146 409 2218; x_wconf 92' lang='lat' dir='ltr'>ad</span> <span class='ocrx_word' id='word_1_100' title='bbox 428 2147 534 2218; x_wconf 90' lang='lat' dir='ltr'>strati</span> <span class='ocrx_word' id='word_1_101' title='bbox 552 2157 704 2244; x_wconf 91' lang='lat' dir='ltr'>captata</span> <span class='ocrx_word' id='word_1_102' title='bbox 721 2147 862 2219; x_wconf 88' lang='lat' dir='ltr'>cubilia</span> <span class='ocrx_word' id='word_1_103' title='bbox 879 2147 981 2232; x_wconf 89' lang='lat' dir='ltr'>lecti,</span> <span class='ocrx_word' id='word_1_104' title='bbox 1075 2176 1079 2180; x_wconf 94' lang='lat'>·</span> 
     </span>
     <span class='ocr_line' id='line_1_17' title="bbox 229 2258 917 2358; baseline 0.006 -27"><span class='ocrx_word' id='word_1_105' title='bbox 229 2258 281 2331; x_wconf 90' lang='lat' dir='ltr'>Et</span> <span class='ocrx_word' id='word_1_106' title='bbox 297 2260 417 2358; x_wconf 92' lang='lat' dir='ltr'>prima</span> <span class='ocrx_word' id='word_1_107' title='bbox 433 2260 525 2333; x_wconf 81' lang='lat' dir='ltr'>felix</span> <span class='ocrx_word' id='word_1_108' title='bbox 544 2272 643 2334; x_wconf 91' lang='lat' dir='ltr'>sorte</span> <span class='ocrx_word' id='word_1_109' title='bbox 661 2262 807 2335; x_wconf 86' lang='lat' dir='ltr'>futurus</span> <span class='ocrx_word' id='word_1_110' title='bbox 826 2274 917 2335; x_wconf 90' lang='lat' dir='ltr'>erat.</span> 
     </span>
     <span class='ocr_line' id='line_1_18' title="bbox 176 2375 890 2471; baseline 0.003 -25"><span class='ocrx_word' id='word_1_111' title='bbox 176 2375 234 2447; x_wconf 93' lang='lat' dir='ltr'>Ut</span> <span class='ocrx_word' id='word_1_112' title='bbox 252 2376 374 2471; x_wconf 85' lang='lat' dir='ltr'>tetigit</span> <span class='ocrx_word' id='word_1_113' title='bbox 390 2376 481 2449; x_wconf 88' lang='lat' dir='ltr'>fulvi</span> <span class='ocrx_word' id='word_1_114' title='bbox 499 2377 590 2451; x_wconf 89' lang='lat' dir='ltr'>setis</span> <span class='ocrx_word' id='word_1_115' title='bbox 609 2378 753 2450; x_wconf 91' lang='lat' dir='ltr'>hirsuta</span> <span class='ocrx_word' id='word_1_116' title='bbox 770 2378 890 2451; x_wconf 91' lang='lat' dir='ltr'>leonis</span> 
     </span>
    </p>
   </div>
   <div class='ocr_carea' id='block_1_3' title="bbox 228 2490 1225 2590">
    <p class='ocr_par' dir='ltr' id='par_1_8' title="bbox 228 2490 1225 2590">
     <span class='ocr_line' id='line_1_19' title="bbox 228 2490 1225 2590; baseline 0.006 -29"><span class='ocrx_word' id='word_1_117' title='bbox 228 2490 390 2578; x_wconf 89' lang='lat' dir='ltr'>Vellera,</span> <span class='ocrx_word' id='word_1_118' title='bbox 409 2492 615 2588; x_wconf 88' lang='lat' dir='ltr'>pertimuit,</span> <span class='ocrx_word' id='word_1_119' title='bbox 635 2494 891 2590; x_wconf 89' lang='lat' dir='ltr'>sustinuitque</span> <span class='ocrx_word' id='word_1_120' title='bbox 910 2518 1082 2579; x_wconf 83' lang='lat' dir='ltr'>manum3</span> <span class='ocrx_word' id='word_1_121' title='bbox 1151 2499 1225 2567; x_wconf 87' lang='grc'>340</span> 
     </span>
    </p>
   </div>
   <div class='ocr_carea' id='block_1_4' title="bbox 172 2779 1227 4239">
    <p class='ocr_par' dir='ltr' id='par_1_9' title="bbox 172 2779 1227 4090">
     <span class='ocr_line' id='line_1_20' title="bbox 208 2779 1227 2848; baseline 0.006 -21"><span class='ocrx_word' id='word_1_122' title='bbox 208 2781 266 2828; x_wconf 78' lang='grc'><strong>326.</strong></span> <span class='ocrx_word' id='word_1_123' title='bbox 282 2779 418 2828; x_wconf 86' lang='lat' dir='ltr'>Molestiam</span> <span class='ocrx_word' id='word_1_124' title='bbox 429 2787 512 2829; x_wconf 88' lang='lat' dir='ltr'>creant</span> <span class='ocrx_word' id='word_1_125' title='bbox 522 2783 568 2828; x_wconf 78' lang='lat' dir='ltr'>telo</span> <span class='ocrx_word' id='word_1_126' title='bbox 579 2783 676 2830; x_wconf 80' lang='lat' dir='ltr'>minora.</span> <span class='ocrx_word' id='word_1_127' title='bbox 722 2783 773 2847; x_wconf 86' lang='lat' dir='ltr'>jam</span> <span class='ocrx_word' id='word_1_128' title='bbox 794 2791 910 2831; x_wconf 85' lang='lat' dir='ltr'>narratur.</span> <span class='ocrx_word' id='word_1_129' title='bbox 954 2782 1065 2832; x_wconf 79' lang='lat' dir='ltr'>Secubare</span> <span class='ocrx_word' id='word_1_130' title='bbox 1084 2783 1151 2832; x_wconf 80' lang='lat' dir='ltr'>verb.</span> <span class='ocrx_word' id='word_1_131' title='bbox 1173 2800 1227 2848; x_wconf 89' lang='lat' dir='ltr'>pro·</span> 
     </span>
     <span class='ocr_line' id='line_1_21' title="bbox 175 2853 1225 2920; baseline 0.002 -18"><span class='ocrx_word' id='word_1_132' title='bbox 175 2853 266 2902; x_wconf 87' lang='lat' dir='ltr'>Ulitius</span> <span class='ocrx_word' id='word_1_133' title='bbox 283 2862 397 2911; x_wconf 79' lang='lat' dir='ltr'>suaserat,</span> <span class='ocrx_word' id='word_1_134' title='bbox 408 2859 503 2910; x_wconf 79' lang='lat' dir='ltr'>minore,</span> <span class='ocrx_word' id='word_1_135' title='bbox 515 2853 578 2918; x_wconf 89' lang='lat' dir='ltr'>quod</span> <span class='ocrx_word' id='word_1_136' title='bbox 594 2856 675 2902; x_wconf 83' lang='lat' dir='ltr'>&#39;l&#39;aub-</span> <span class='ocrx_word' id='word_1_137' title='bbox 725 2856 802 2920; x_wconf 85' lang='lat' dir='ltr'>prium</span> <span class='ocrx_word' id='word_1_138' title='bbox 813 2856 844 2903; x_wconf 92' lang='lat' dir='ltr'>de</span> <span class='ocrx_word' id='word_1_139' title='bbox 856 2856 892 2912; x_wconf 86' lang='lat' dir='ltr'>iis,</span> <span class='ocrx_word' id='word_1_140' title='bbox 901 2856 942 2920; x_wconf 90' lang='lat' dir='ltr'>qui</span> <span class='ocrx_word' id='word_1_141' title='bbox 954 2872 1022 2904; x_wconf 87' lang='lat' dir='ltr'>sacra</span> <span class='ocrx_word' id='word_1_142' title='bbox 1033 2855 1118 2903; x_wconf 80' lang='lat' dir='ltr'>facturi</span> <span class='ocrx_word' id='word_1_143' title='bbox 1128 2857 1225 2904; x_wconf 83' lang='lat' dir='ltr'>seorsim</span> 
     </span>
     <span class='ocr_line' id='line_1_22' title="bbox 173 2927 1226 2992; baseline 0.002 -16"><span class='ocrx_word' id='word_1_144' title='bbox 173 2943 231 2976; x_wconf 82' lang='lat' dir='ltr'>aero</span> <span class='ocrx_word' id='word_1_145' title='bbox 247 2928 366 2992; x_wconf 83' lang='lat' dir='ltr'>placebat,</span> <span class='ocrx_word' id='word_1_146' title='bbox 377 2937 405 2975; x_wconf 93' lang='lat' dir='ltr'>ut</span> <span class='ocrx_word' id='word_1_147' title='bbox 421 2927 547 2992; x_wconf 76' lang='lat' dir='ltr'>Omphala</span> <span class='ocrx_word' id='word_1_148' title='bbox 565 2928 676 2992; x_wconf 90' lang='lat' dir='ltr'>pharetra</span> <span class='ocrx_word' id='word_1_149' title='bbox 725 2930 814 2977; x_wconf 85' lang='lat' dir='ltr'>cubant</span> <span class='ocrx_word' id='word_1_150' title='bbox 830 2938 855 2977; x_wconf 85' lang='lat' dir='ltr'>et</span> <span class='ocrx_word' id='word_1_151' title='bbox 872 2931 991 2977; x_wconf 88' lang='lat' dir='ltr'>aVanere</span> <span class='ocrx_word' id='word_1_152' title='bbox 1007 2928 1135 2978; x_wconf 85' lang='lat' dir='ltr'>abstinent.</span> <span class='ocrx_word' id='word_1_153' title='bbox 1169 2931 1226 2978; x_wconf 88' lang='lat' dir='ltr'>Non</span> 
     </span>
     <span class='ocr_line' id='line_1_23' title="bbox 173 2999 1225 3067; baseline 0.003 -20"><span class='ocrx_word' id='word_1_154' title='bbox 173 2999 252 3048; x_wconf 85' lang='lat' dir='ltr'>minor</span> <span class='ocrx_word' id='word_1_155' title='bbox 263 3001 333 3049; x_wconf 82' lang='lat' dir='ltr'>luisse</span> <span class='ocrx_word' id='word_1_156' title='bbox 344 3000 436 3049; x_wconf 86' lang='lat' dir='ltr'>dicatur</span> <span class='ocrx_word' id='word_1_157' title='bbox 444 3016 485 3066; x_wconf 92' lang='lat' dir='ltr'>pro</span> <span class='ocrx_word' id='word_1_158' title='bbox 496 3000 566 3048; x_wconf 88' lang='lat' dir='ltr'>modo</span> <span class='ocrx_word' id='word_1_159' title='bbox 577 3009 601 3048; x_wconf 87' lang='lat' dir='ltr'>et</span> <span class='ocrx_word' id='word_1_160' title='bbox 610 3017 675 3048; x_wconf 87' lang='lat' dir='ltr'>men·</span> <span class='ocrx_word' id='word_1_161' title='bbox 726 3010 806 3050; x_wconf 87' lang='lat' dir='ltr'>autern</span> <span class='ocrx_word' id='word_1_162' title='bbox 822 3017 915 3067; x_wconf 85' lang='lat' dir='ltr'>semper</span> <span class='ocrx_word' id='word_1_163' title='bbox 932 3003 1048 3050; x_wconf 84' lang='lat' dir='ltr'>Hercules</span> <span class='ocrx_word' id='word_1_164' title='bbox 1065 3010 1089 3048; x_wconf 89' lang='lat' dir='ltr'>et</span> <span class='ocrx_word' id='word_1_165' title='bbox 1106 3001 1225 3065; x_wconf 88' lang='lat' dir='ltr'>Omphale</span> 
     </span>
     <span class='ocr_line' id='line_1_24' title="bbox 173 3074 1226 3130; baseline -0.001 -7"><span class='ocrx_word' id='word_1_166' title='bbox 173 3090 231 3123; x_wconf 82' lang='lat' dir='ltr'>sura</span> <span class='ocrx_word' id='word_1_167' title='bbox 251 3075 350 3123; x_wconf 90' lang='lat' dir='ltr'>telorum</span> <span class='ocrx_word' id='word_1_168' title='bbox 370 3076 550 3123; x_wconf 86' lang='lat' dir='ltr'>Herculeomm.</span> <span class='ocrx_word' id='word_1_169' title='bbox 586 3076 676 3123; x_wconf 81' lang='lat' dir='ltr'>Verum</span> <span class='ocrx_word' id='word_1_170' title='bbox 726 3084 774 3122; x_wconf 90' lang='lat' dir='ltr'>tam</span> <span class='ocrx_word' id='word_1_171' title='bbox 792 3084 856 3122; x_wconf 84' lang='lat' dir='ltr'>caste</span> <span class='ocrx_word' id='word_1_172' title='bbox 874 3075 1011 3122; x_wconf 87' lang='lat' dir='ltr'>secubuisse</span> <span class='ocrx_word' id='word_1_173' title='bbox 1029 3074 1153 3130; x_wconf 69' lang='lat' dir='ltr'>videntur,</span> <span class='ocrx_word' id='word_1_174' title='bbox 1175 3074 1226 3122; x_wconf 79' lang='lat' dir='ltr'>hac</span> 
     </span>
     <span class='ocr_line' id='line_1_25' title="bbox 173 3145 1226 3211; baseline 0.001 -17"><span class='ocrx_word' id='word_1_175' title='bbox 173 3145 230 3211; x_wconf 85' lang='lat' dir='ltr'>quis</span> <span class='ocrx_word' id='word_1_176' title='bbox 250 3147 340 3202; x_wconf 86' lang='lat' dir='ltr'>credat,</span> <span class='ocrx_word' id='word_1_177' title='bbox 360 3147 432 3196; x_wconf 85' lang='lat' dir='ltr'>etiam</span> <span class='ocrx_word' id='word_1_178' title='bbox 453 3147 596 3211; x_wconf 87' lang='lat' dir='ltr'>Omphalen,</span> <span class='ocrx_word' id='word_1_179' title='bbox 616 3156 675 3195; x_wconf 90' lang='lat' dir='ltr'>tam·</span> <span class='ocrx_word' id='word_1_180' title='bbox 726 3148 789 3196; x_wconf 88' lang='lat' dir='ltr'>enim</span> <span class='ocrx_word' id='word_1_181' title='bbox 804 3164 833 3195; x_wconf 82' lang='lat' dir='ltr'>ax</span> <span class='ocrx_word' id='word_1_182' title='bbox 852 3147 894 3194; x_wconf 92' lang='lat' dir='ltr'>illo</span> <span class='ocrx_word' id='word_1_183' title='bbox 910 3147 986 3194; x_wconf 86' lang='lat' dir='ltr'>filium</span> <span class='ocrx_word' id='word_1_184' title='bbox 1002 3146 1100 3210; x_wconf 85' lang='lat' dir='ltr'>peperit.</span> <span class='ocrx_word' id='word_1_185' title='bbox 1112 3145 1226 3209; x_wconf 75' lang='lat' dir='ltr'>aportat.</span> 
     </span>
     <span class='ocr_line' id='line_1_26' title="bbox 174 3217 1122 3286; baseline -0.006 -18"><span class='ocrx_word' id='word_1_186' title='bbox 174 3235 250 3285; x_wconf 81' lang='lat' dir='ltr'>quam</span> <span class='ocrx_word' id='word_1_187' title='bbox 270 3220 385 3276; x_wconf 86' lang='lat' dir='ltr'>Dianam,</span> <span class='ocrx_word' id='word_1_188' title='bbox 405 3229 510 3285; x_wconf 78' lang='lat' dir='ltr'>gestasse</span> <span class='ocrx_word' id='word_1_189' title='bbox 532 3221 675 3286; x_wconf 84' lang='lat' dir='ltr'>pharetram,</span> <span class='ocrx_word' id='word_1_190' title='bbox 726 3222 762 3269; x_wconf 89' lang='lat'>11.</span> <span class='ocrx_word' id='word_1_191' title='bbox 774 3220 813 3267; x_wconf 86' lang='lat' dir='ltr'>vii.</span> <span class='ocrx_word' id='word_1_192' title='bbox 824 3223 853 3277; x_wconf 83' lang='lat'>8;</span> <span class='ocrx_word' id='word_1_193' title='bbox 872 3219 970 3266; x_wconf 85' lang='lat' dir='ltr'>Diodor.</span> <span class='ocrx_word' id='word_1_194' title='bbox 981 3219 1029 3265; x_wconf 91' lang='lat' dir='ltr'>Sic.</span> <span class='ocrx_word' id='word_1_195' title='bbox 1040 3217 1072 3263; x_wconf 89' lang='lat' dir='ltr'>iv.</span> <span class='ocrx_word' id='word_1_196' title='bbox 1082 3219 1122 3264; x_wconf 81' lang='lat'>31.</span> 
     </span>
     <span class='ocr_line' id='line_1_27' title="bbox 173 3289 1226 3359; baseline -0.005 -16"><span class='ocrx_word' id='word_1_197' title='bbox 173 3302 225 3349; x_wconf 83' lang='lat' dir='ltr'>aut,</span> <span class='ocrx_word' id='word_1_198' title='bbox 236 3294 256 3342; x_wconf 88' lang='lat' dir='ltr'>si</span> <span class='ocrx_word' id='word_1_199' title='bbox 266 3303 391 3356; x_wconf 75' lang='lat' dir='ltr'>gestasset,</span> <span class='ocrx_word' id='word_1_200' title='bbox 402 3294 451 3342; x_wconf 91' lang='lat' dir='ltr'>sola</span> <span class='ocrx_word' id='word_1_201' title='bbox 463 3294 511 3342; x_wconf 88' lang='lat' dir='ltr'>tela</span> <span class='ocrx_word' id='word_1_202' title='bbox 524 3294 575 3342; x_wconf 84' lang='lat' dir='ltr'>sine</span> <span class='ocrx_word' id='word_1_203' title='bbox 590 3295 675 3359; x_wconf 89' lang='lat' dir='ltr'>phare·</span> <span class='ocrx_word' id='word_1_204' title='bbox 759 3295 816 3342; x_wconf 83' lang='grc'><strong>333.</strong></span> <span class='ocrx_word' id='word_1_205' title='bbox 836 3295 930 3340; x_wconf 80' lang='lat' dir='ltr'>Comites</span> <span class='ocrx_word' id='word_1_206' title='bbox 945 3307 987 3339; x_wconf 88' lang='lat' dir='ltr'>seu</span> <span class='ocrx_word' id='word_1_207' title='bbox 1001 3289 1093 3345; x_wconf 82' lang='lat' dir='ltr'>famuli,</span> <span class='ocrx_word' id='word_1_208' title='bbox 1104 3290 1226 3338; x_wconf 89' lang='lat' dir='ltr'>cubabant</span> 
     </span>
     <span class='ocr_line' id='line_1_28' title="bbox 173 3363 1226 3431; baseline -0.004 -16"><span class='ocrx_word' id='word_1_209' title='bbox 173 3375 211 3415; x_wconf 87' lang='lat' dir='ltr'>tra</span> <span class='ocrx_word' id='word_1_210' title='bbox 221 3371 385 3431; x_wconf 81' lang='lat' dir='ltr'>permutasset</span> <span class='ocrx_word' id='word_1_211' title='bbox 405 3367 519 3415; x_wconf 87' lang='lat' dir='ltr'>Heinsius</span> <span class='ocrx_word' id='word_1_212' title='bbox 530 3380 617 3423; x_wconf 87' lang='lat' dir='ltr'>monet,</span> <span class='ocrx_word' id='word_1_213' title='bbox 629 3369 674 3414; x_wconf 83' lang='lat' dir='ltr'>tela</span> <span class='ocrx_word' id='word_1_214' title='bbox 726 3376 781 3415; x_wconf 89' lang='lat' dir='ltr'>ante</span> <span class='ocrx_word' id='word_1_215' title='bbox 792 3375 895 3414; x_wconf 88' lang='lat' dir='ltr'>antrum.</span> <span class='ocrx_word' id='word_1_216' title='bbox 913 3363 976 3412; x_wconf 87' lang='lat' dir='ltr'>Vide</span> <span class='ocrx_word' id='word_1_217' title='bbox 986 3378 1034 3411; x_wconf 85' lang='lat' dir='ltr'>ver.</span> <span class='ocrx_word' id='word_1_218' title='bbox 1043 3364 1099 3411; x_wconf 81' lang='lat'>351.</span> <span class='ocrx_word' id='word_1_219' title='bbox 1117 3364 1226 3420; x_wconf 78' lang='lat' dir='ltr'>Adulter,</span> 
     </span>
     <span class='ocr_line' id='line_1_29' title="bbox 174 3438 1109 3505; baseline -0.006 -17"><span class='ocrx_word' id='word_1_220' title='bbox 174 3444 264 3488; x_wconf 68' lang='lat' dir='ltr'>minora</span> <span class='ocrx_word' id='word_1_221' title='bbox 279 3440 364 3505; x_wconf 87' lang='lat' dir='ltr'>opponi</span> <span class='ocrx_word' id='word_1_222' title='bbox 380 3442 456 3496; x_wconf 73' lang='lat' dir='ltr'>clare,</span> <span class='ocrx_word' id='word_1_223' title='bbox 468 3455 522 3505; x_wconf 77' lang='lat' dir='ltr'>qua</span> <span class='ocrx_word' id='word_1_224' title='bbox 536 3440 609 3488; x_wconf 86' lang='lat' dir='ltr'>telum</span> <span class='ocrx_word' id='word_1_225' title='bbox 622 3457 673 3503; x_wconf 80' lang='lat' dir='ltr'>gra·</span> <span class='ocrx_word' id='word_1_226' title='bbox 726 3449 824 3496; x_wconf 88' lang='lat' dir='ltr'>amator,</span> <span class='ocrx_word' id='word_1_227' title='bbox 836 3450 862 3487; x_wconf 89' lang='lat' dir='ltr'>ot</span> <span class='ocrx_word' id='word_1_228' title='bbox 873 3454 921 3486; x_wconf 82' lang='lat' dir='ltr'>ver.</span> <span class='ocrx_word' id='word_1_229' title='bbox 932 3438 990 3485; x_wconf 85' lang='grc'><strong>356.</strong></span> <span class='ocrx_word' id='word_1_230' title='bbox 1003 3445 1109 3485; x_wconf 86' lang='lat' dir='ltr'>vocatur.</span> 
     </span>
     <span class='ocr_line' id='line_1_30' title="bbox 173 3511 1226 3579; baseline 0 -17"><span class='ocrx_word' id='word_1_231' title='bbox 173 3514 236 3563; x_wconf 81' lang='lat' dir='ltr'>vias.</span> <span class='ocrx_word' id='word_1_232' title='bbox 269 3515 335 3562; x_wconf 88' lang='lat' dir='ltr'>Num</span> <span class='ocrx_word' id='word_1_233' title='bbox 351 3513 396 3563; x_wconf 90' lang='lat' dir='ltr'>hoc</span> <span class='ocrx_word' id='word_1_234' title='bbox 415 3513 464 3562; x_wconf 81' lang='lat' dir='ltr'>vult</span> <span class='ocrx_word' id='word_1_235' title='bbox 480 3523 566 3579; x_wconf 85' lang='lat' dir='ltr'>poeta:</span> <span class='ocrx_word' id='word_1_236' title='bbox 585 3515 674 3562; x_wconf 87' lang='lat' dir='ltr'>Hercu·</span> <span class='ocrx_word' id='word_1_237' title='bbox 758 3515 815 3562; x_wconf 85' lang='grc'><strong>337.</strong></span> <span class='ocrx_word' id='word_1_238' title='bbox 838 3511 956 3575; x_wconf 73' lang='lat' dir='ltr'>captata]</span> <span class='ocrx_word' id='word_1_239' title='bbox 980 3511 1034 3559; x_wconf 88' lang='lat' dir='ltr'>MS.</span> <span class='ocrx_word' id='word_1_240' title='bbox 1053 3511 1144 3559; x_wconf 88' lang='lat' dir='ltr'>Mazar.</span> <span class='ocrx_word' id='word_1_241' title='bbox 1166 3521 1226 3562; x_wconf 82' lang='lat' dir='ltr'>trac·</span> 
     </span>
     <span class='ocr_line' id='line_1_31' title="bbox 174 3584 1226 3651; baseline -0.002 -16"><span class='ocrx_word' id='word_1_242' title='bbox 174 3587 224 3636; x_wconf 89' lang='lat' dir='ltr'>lem</span> <span class='ocrx_word' id='word_1_243' title='bbox 239 3603 267 3635; x_wconf 92' lang='lat' dir='ltr'>eo</span> <span class='ocrx_word' id='word_1_244' title='bbox 282 3587 322 3635; x_wconf 89' lang='lat' dir='ltr'>die</span> <span class='ocrx_word' id='word_1_245' title='bbox 337 3587 368 3636; x_wconf 87' lang='lat' dir='ltr'>de</span> <span class='ocrx_word' id='word_1_246' title='bbox 383 3586 436 3635; x_wconf 87' lang='lat' dir='ltr'>telis</span> <span class='ocrx_word' id='word_1_247' title='bbox 450 3587 499 3635; x_wconf 86' lang='lat' dir='ltr'>suis</span> <span class='ocrx_word' id='word_1_248' title='bbox 511 3587 621 3636; x_wconf 84' lang='lat' dir='ltr'>sumsisse</span> <span class='ocrx_word' id='word_1_249' title='bbox 632 3589 674 3633; x_wconf 87' lang='lat' dir='ltr'>mi·</span> <span class='ocrx_word' id='word_1_250' title='bbox 726 3599 784 3643; x_wconf 84' lang='lat' dir='ltr'>tata,</span> <span class='ocrx_word' id='word_1_251' title='bbox 806 3587 869 3651; x_wconf 89' lang='lat' dir='ltr'>quod</span> <span class='ocrx_word' id='word_1_252' title='bbox 895 3587 1020 3634; x_wconf 87' lang='lat' dir='ltr'>Taubnero</span> <span class='ocrx_word' id='word_1_253' title='bbox 1042 3584 1112 3633; x_wconf 86' lang='lat' dir='ltr'>valde</span> <span class='ocrx_word' id='word_1_254' title='bbox 1140 3585 1226 3649; x_wconf 90' lang='lat' dir='ltr'>placet.</span> 
     </span>
     <span class='ocr_line' id='line_1_32' title="bbox 173 3657 1225 3726; baseline 0 -18"><span class='ocrx_word' id='word_1_255' title='bbox 173 3678 242 3717; x_wconf 71' lang='lat' dir='ltr'>sora,</span> <span class='ocrx_word' id='word_1_256' title='bbox 263 3676 340 3726; x_wconf 84' lang='lat' dir='ltr'>eaque</span> <span class='ocrx_word' id='word_1_257' title='bbox 365 3660 497 3710; x_wconf 82' lang='lat' dir='ltr'>condidisse</span> <span class='ocrx_word' id='word_1_258' title='bbox 518 3659 542 3709; x_wconf 89' lang='lat' dir='ltr'>in</span> <span class='ocrx_word' id='word_1_259' title='bbox 563 3661 676 3726; x_wconf 85' lang='lat' dir='ltr'>pharetra</span> <span class='ocrx_word' id='word_1_260' title='bbox 725 3663 768 3709; x_wconf 76' lang='lat' dir='ltr'>Fat</span> <span class='ocrx_word' id='word_1_261' title='bbox 778 3659 875 3725; x_wconf 91' lang='lat' dir='ltr'>quidem</span> <span class='ocrx_word' id='word_1_262' title='bbox 887 3669 987 3707; x_wconf 81' lang='lat' dir='ltr'>tractare</span> <span class='ocrx_word' id='word_1_263' title='bbox 998 3675 1033 3723; x_wconf 91' lang='lat' dir='ltr'>pr.</span> <span class='ocrx_word' id='word_1_264' title='bbox 1044 3657 1154 3706; x_wconf 88' lang='lat' dir='ltr'>manibus</span> <span class='ocrx_word' id='word_1_265' title='bbox 1169 3675 1225 3708; x_wconf 89' lang='lat' dir='ltr'>con-</span> 
     </span>
     <span class='ocr_line' id='line_1_33' title="bbox 173 3731 1226 3798; baseline -0.002 -16"><span class='ocrx_word' id='word_1_266' title='bbox 173 3751 226 3789; x_wconf 79' lang='lat' dir='ltr'>rua,</span> <span class='ocrx_word' id='word_1_267' title='bbox 248 3733 296 3782; x_wconf 87' lang='lat' dir='ltr'>illis</span> <span class='ocrx_word' id='word_1_268' title='bbox 321 3734 375 3782; x_wconf 85' lang='lat' dir='ltr'>telis</span> <span class='ocrx_word' id='word_1_269' title='bbox 399 3734 528 3783; x_wconf 87' lang='lat' dir='ltr'>minoribus</span> <span class='ocrx_word' id='word_1_270' title='bbox 555 3737 676 3798; x_wconf 76' lang='lat' dir='ltr'>congruat</span> <span class='ocrx_word' id='word_1_271' title='bbox 725 3734 832 3798; x_wconf 86' lang='lat' dir='ltr'>tingere;</span> <span class='ocrx_word' id='word_1_272' title='bbox 852 3732 894 3781; x_wconf 88' lang='lat' dir='ltr'>sed</span> <span class='ocrx_word' id='word_1_273' title='bbox 914 3731 937 3780; x_wconf 86' lang='lat' dir='ltr'>b.</span> <span class='ocrx_word' id='word_1_274' title='bbox 953 3733 971 3782; x_wconf 85' lang='lat' dir='ltr'>l.</span> <span class='ocrx_word' id='word_1_275' title='bbox 987 3741 1088 3793; x_wconf 82' lang='lat' dir='ltr'>captato,</span> <span class='ocrx_word' id='word_1_276' title='bbox 1105 3731 1226 3796; x_wconf 88' lang='lat' dir='ltr'>palpando</span> 
     </span>
     <span class='ocr_line' id='line_1_34' title="bbox 173 3803 1224 3872; baseline -0.004 -16"><span class='ocrx_word' id='word_1_277' title='bbox 173 3808 330 3871; x_wconf 85' lang='lat' dir='ltr'>Quamquam</span> <span class='ocrx_word' id='word_1_278' title='bbox 354 3822 398 3856; x_wconf 85' lang='lat' dir='ltr'>nec</span> <span class='ocrx_word' id='word_1_279' title='bbox 424 3807 469 3854; x_wconf 86' lang='lat' dir='ltr'>boe</span> <span class='ocrx_word' id='word_1_280' title='bbox 494 3808 581 3872; x_wconf 87' lang='lat' dir='ltr'>placet.</span> <span class='ocrx_word' id='word_1_281' title='bbox 616 3808 676 3856; x_wconf 93' lang='lat' dir='ltr'>Vult</span> <span class='ocrx_word' id='word_1_282' title='bbox 725 3816 825 3872; x_wconf 86' lang='lat' dir='ltr'>reperta,</span> <span class='ocrx_word' id='word_1_283' title='bbox 836 3806 921 3854; x_wconf 82' lang='lat' dir='ltr'>melius</span> <span class='ocrx_word' id='word_1_284' title='bbox 932 3804 1057 3864; x_wconf 67' lang='lat' dir='ltr'>convenit,</span> <span class='ocrx_word' id='word_1_285' title='bbox 1070 3803 1224 3853; x_wconf 79' lang='lat' dir='ltr'>Heroidxxi.</span> 
     </span>
     <span class='ocr_line' id='line_1_35' title="bbox 172 3879 1225 3944; baseline -0.003 -15"><span class='ocrx_word' id='word_1_286' title='bbox 172 3881 239 3929; x_wconf 84' lang='lat' dir='ltr'>enim</span> <span class='ocrx_word' id='word_1_287' title='bbox 255 3892 326 3944; x_wconf 84' lang='lat' dir='ltr'>poeta</span> <span class='ocrx_word' id='word_1_288' title='bbox 340 3880 431 3929; x_wconf 88' lang='lat' dir='ltr'>cultum</span> <span class='ocrx_word' id='word_1_289' title='bbox 446 3880 477 3928; x_wconf 89' lang='lat' dir='ltr'>ab</span> <span class='ocrx_word' id='word_1_290' title='bbox 490 3880 615 3944; x_wconf 79' lang='lat' dir='ltr'>Omphala</span> <span class='ocrx_word' id='word_1_291' title='bbox 632 3897 673 3929; x_wconf 88' lang='lat' dir='ltr'>aa·</span> <span class='ocrx_word' id='word_1_292' title='bbox 725 3883 806 3929; x_wconf 55' lang='lat' dir='ltr'>200st</span> <span class='ocrx_word' id='word_1_293' title='bbox 814 3889 877 3929; x_wconf 90' lang='lat' dir='ltr'>tecto</span> <span class='ocrx_word' id='word_1_294' title='bbox 885 3880 1009 3928; x_wconf 85' lang='lat' dir='ltr'>simulatur</span> <span class='ocrx_word' id='word_1_295' title='bbox 1018 3879 1107 3926; x_wconf 89' lang='lat' dir='ltr'>lumine</span> <span class='ocrx_word' id='word_1_296' title='bbox 1117 3894 1225 3938; x_wconf 82' lang='lat' dir='ltr'>somnus;</span> 
     </span>
     <span class='ocr_line' id='line_1_36' title="bbox 172 3950 1223 4020; baseline -0.004 -18"><span class='ocrx_word' id='word_1_297' title='bbox 172 3964 228 4002; x_wconf 84' lang='lat' dir='ltr'>tura</span> <span class='ocrx_word' id='word_1_298' title='bbox 244 3970 316 4019; x_wconf 84' lang='lat' dir='ltr'>quarn</span> <span class='ocrx_word' id='word_1_299' title='bbox 334 3954 436 4003; x_wconf 82' lang='lat' dir='ltr'>maxims</span> <span class='ocrx_word' id='word_1_300' title='bbox 453 3954 618 4004; x_wconf 83' lang='lat' dir='ltr'>abhorrentem</span> <span class='ocrx_word' id='word_1_301' title='bbox 632 3955 673 4004; x_wconf 87' lang='lat' dir='ltr'>de·</span> <span class='ocrx_word' id='word_1_302' title='bbox 726 3955 868 4020; x_wconf 85' lang='lat' dir='ltr'>Captantem</span> <span class='ocrx_word' id='word_1_303' title='bbox 879 3962 958 4001; x_wconf 85' lang='lat' dir='ltr'>tactus</span> <span class='ocrx_word' id='word_1_304' title='bbox 970 3950 1097 4016; x_wconf 84' lang='lat' dir='ltr'>rejicioque</span> <span class='ocrx_word' id='word_1_305' title='bbox 1111 3966 1223 4010; x_wconf 88' lang='lat' dir='ltr'>manum;</span> 
     </span>
     <span class='ocr_line' id='line_1_37' title="bbox 172 4024 1222 4090; baseline -0.004 -14"><span class='ocrx_word' id='word_1_306' title='bbox 172 4026 288 4076; x_wconf 82' lang='lat' dir='ltr'>scribere.</span> <span class='ocrx_word' id='word_1_307' title='bbox 728 4029 808 4077; x_wconf 80' lang='lat' dir='ltr'>Primo</span> <span class='ocrx_word' id='word_1_308' title='bbox 820 4045 874 4084; x_wconf 84' lang='lat' dir='ltr'>sors,</span> <span class='ocrx_word' id='word_1_309' title='bbox 885 4026 920 4082; x_wconf 92' lang='lat' dir='ltr'>id,</span> <span class='ocrx_word' id='word_1_310' title='bbox 933 4027 957 4074; x_wconf 90' lang='lat' dir='ltr'>in</span> <span class='ocrx_word' id='word_1_311' title='bbox 974 4025 1037 4090; x_wconf 91' lang='lat' dir='ltr'>quod</span> <span class='ocrx_word' id='word_1_312' title='bbox 1052 4025 1153 4089; x_wconf 86' lang='lat' dir='ltr'>primurn</span> <span class='ocrx_word' id='word_1_313' title='bbox 1164 4024 1222 4073; x_wconf 85' lang='lat' dir='ltr'>inci-</span> 
     </span>
    </p>

    <p class='ocr_par' dir='ltr' id='par_1_10' title="bbox 173 4099 1224 4239">
     <span class='ocr_line' id='line_1_38' title="bbox 207 4099 1224 4166; baseline -0.005 -18"><span class='ocrx_word' id='word_1_314' title='bbox 207 4102 265 4149; x_wconf 78' lang='lat'><strong>327.</strong></span> <span class='ocrx_word' id='word_1_315' title='bbox 290 4102 336 4156; x_wconf 84' lang='lat' dir='ltr'>Sir,</span> <span class='ocrx_word' id='word_1_316' title='bbox 357 4109 448 4150; x_wconf 84' lang='lat' dir='ltr'>mutato</span> <span class='ocrx_word' id='word_1_317' title='bbox 468 4102 543 4150; x_wconf 87' lang='lat' dir='ltr'>cultu.</span> <span class='ocrx_word' id='word_1_318' title='bbox 579 4101 676 4166; x_wconf 83' lang='lat' dir='ltr'>Repetit</span> <span class='ocrx_word' id='word_1_319' title='bbox 726 4103 769 4151; x_wconf 91' lang='lat' dir='ltr'>dit.</span> <span class='ocrx_word' id='word_1_320' title='bbox 804 4103 879 4156; x_wconf 75' lang='lat' dir='ltr'>Felix,</span> <span class='ocrx_word' id='word_1_321' title='bbox 897 4116 993 4165; x_wconf 87' lang='lat' dir='ltr'>compos</span> <span class='ocrx_word' id='word_1_322' title='bbox 1010 4099 1066 4148; x_wconf 86' lang='lat' dir='ltr'>voti.</span> <span class='ocrx_word' id='word_1_323' title='bbox 1100 4099 1224 4151; x_wconf 76' lang='lat' dir='ltr'>Sustinuit,</span> 
     </span>
     <span class='ocr_line' id='line_1_39' title="bbox 173 4173 948 4239; baseline 0 -17"><span class='ocrx_word' id='word_1_324' title='bbox 173 4175 231 4231; x_wconf 86' lang='lat' dir='ltr'>hoc,</span> <span class='ocrx_word' id='word_1_325' title='bbox 248 4174 307 4238; x_wconf 89' lang='lat' dir='ltr'>quia</span> <span class='ocrx_word' id='word_1_326' title='bbox 324 4174 379 4223; x_wconf 88' lang='lat' dir='ltr'>inde</span> <span class='ocrx_word' id='word_1_327' title='bbox 396 4174 517 4239; x_wconf 88' lang='lat' dir='ltr'>pendebat</span> <span class='ocrx_word' id='word_1_328' title='bbox 533 4175 605 4231; x_wconf 76' lang='lat' dir='ltr'>fraus,</span> <span class='ocrx_word' id='word_1_329' title='bbox 622 4190 675 4238; x_wconf 78' lang='lat' dir='ltr'>qua</span> <span class='ocrx_word' id='word_1_330' title='bbox 727 4177 832 4231; x_wconf 88' lang='lat' dir='ltr'>retinuit,</span> <span class='ocrx_word' id='word_1_331' title='bbox 844 4173 948 4224; x_wconf 81' lang='lat' dir='ltr'>retraxit.</span> 
     </span>
    </p>
   </div>
   <div class='ocr_carea' id='block_1_5' title="bbox 0 0 1408 5018">
    <p class='ocr_par' dir='ltr' id='par_1_11' title="bbox 0 0 1408 5018">
     <span class='ocr_line' id='line_1_40' title="bbox 0 0 1408 5018; baseline 0 0"><span class='ocrx_word' id='word_1_332' title='bbox 0 0 1408 5018; x_wconf 95' lang='lat' dir='ltr'> </span> 
     </span>
    </p>
   </div>
  </div>
 </body>
</html>
