2806 5018
181 353 246 422 1oe
464 351 503 419 P.
527 350 688 419 ovlun
712 352 923 420 NASONIS

182 527 218 602 N
221 553 265 602 ec
282 550 349 600 vos
368 528 477 600 turba
493 526 615 601 Deam
630 549 747 601 censu
764 524 935 601 fraudata
952 528 1124 624 magistri

232 641 429 741 Spernite:
458 641 665 739 discipulos
684 641 848 715 adtrahit
864 642 930 716 ille
946 666 1085 732 novos3
1157 647 1227 718 830

181 756 333 855 Quique
346 781 472 832 moves
487 757 644 845 coelum;
666 756 910 854 tabulamque
925 759 1117 834 coloribus
1130 761 1224 848 urie;

230 871 383 971 Quique
401 872 493 969 lacis
506 868 621 945 docte
637 870 766 945 mollia
779 895 873 947 saxa
887 897 1015 947 manu.

180 987 289 1063 Mille
301 988 385 1063 Dea
398 998 457 1062 est
472 1011 646 1085 operum:
667 999 770 1061 certe
785 986 869 1062 Dea
882 989 1060 1063 carminis
1079 990 1146 1063 illa
1158 999 1224 1074 eet,

230 1104 272 1176 Si
291 1128 446 1191 mereor,
466 1098 600 1177 studiis
619 1103 718 1177 adsit
735 1104 856 1178 amica
873 1105 980 1178 meis.
1156 1107 1222 1177 834

180 1218 320 1293 Caelius
338 1244 387 1293 ex
405 1220 481 1295 alto
498 1243 575 1317 qua
591 1243 699 1292 mous
718 1220 916 1294 descendit
932 1220 971 1292 iu
989 1243 1157 1316 aequum,

229 1332 303 1408 Hic
318 1335 383 1408 ubi
400 1358 476 1408 non
493 1336 607 1433 plana
623 1346 693 1422 est,
707 1336 775 1408 sed
788 1359 905 1434 prope
918 1336 1032 1434 plana
1045 1334 1109 1408 via
1122 1343 1199 1423 est;

179 1449 313 1537 Parva,
332 1449 432 1535 licet,
450 1449 579 1523 videas
599 1449 732 1546 Captae
752 1450 912 1524 delubra
929 1448 1127 1534 Minervae,
1142 1441 1144 1445 ⁵

229 1563 324 1648 Quae
344 1563 428 1637 Dea
444 1563 560 1637 natali
577 1563 692 1661 coepit
709 1563 848 1638 habere
865 1590 947 1638 suo.
980 1586 982 1590 ⁴

179 1679 214 1753 N
219 1677 354 1752 ominis
371 1677 410 1751 in
427 1677 542 1751 dubio
560 1700 675 1751 causa
692 1689 772 1752 est:
792 1679 955 1776 capitale
972 1703 1153 1753 vocamus

228 1793 427 1890 Ingenium
442 1794 595 1867 sollers:
625 1787 920 1888 ingeniosa'Dea
936 1805 1009 1869 eet.
1153 1797 1220 1869 840

175 2062 248 2113 MSS.
266 2060 381 2128 recipere,
404 2067 430 2111 et
449 2075 519 2108 cem
531 2057 673 2123 fraudatum
723 2054 795 2105 debet
805 2064 830 2105 et
840 2055 900 2107 ratio
909 2056 1065 2123 Neapolie,et
1077 2058 1219 2108 lectionem

175 2135 283 2200 intelligo
299 2149 438 2200 pauperem.
466 2132 530 2181 Nem
542 2131 674 2195 fraudetur
715 2130 1217 2198 fraudata3etenimserormugirtroelerne

175 2210 272 2259 omnino
296 2215 332 2257 eet
357 2206 470 2272 privetur,
493 2201 628 2258 destitutus,
649 2208 674 2249 et
723 2218 775 2251 esee
787 2220 853 2253 remu
861 2204 998 2268 fruindum,
1010 2213 1035 2254 et
1051 2205 1078 2253 in
1093 2204 1218 2270 pervolo

176 2298 262 2338 mnu,
283 2296 354 2347 open
377 2279 412 2328 eie
432 2278 512 2326 omnir
532 2275 589 2324 milri
609 2276 674 2323 clera
723 2292 779 2327 nore
796 2277 868 2327 luieee
885 2278 1126 2344 plumos-Orbilius.
1159 2279 1217 2328 Hine

175 2356 295 2404 videntur.
327 2354 378 2401 Voe
402 2351 516 2415 magistri,
536 2348 594 2398 lieet
614 2364 670 2412 puu-
723 2351 891 2417 eetieintelligi
904 2353 1217 2418 arbitror.quoltleeleetie

175 2443 244 2494 perer
261 2425 321 2483 eitie,
332 2441 361 2475 ne
376 2424 484 2474 dubitate
498 2423 557 2470 Dete
575 2437 674 2470 munera
723 2424 784 2474 viror
792 2425 866 2474 etium
876 2424 959 2474 doctor
970 2425 1085 2475 deducet.

175 2498 275 2558 afferre3
291 2497 401 2547 adtrahet
418 2497 461 2545 illa
479 2510 552 2544 novoe
569 2494 672 2559 discipu·
755 2501 801 2547 831
817 2515 853 2564 eq.
872 2500 1017 2565 Sculptom,
1031 2498 1145 2564 pictore,
1160 2514 1217 2548 urer-

175 2574 221 2629 loe,
232 2579 304 2635 etque
313 2571 348 2618 ita
358 2570 472 2635 pietatem
483 2577 584 2617 ventrem
594 2583 673 2617 remu·
722 2574 833 2622 mornrioe
855 2573 1027 2639 complectitur.
1067 2575 1166 2630 oeten,
1185 2572 1218 2621 in·

176 2644 277 2695 uerebit.
309 2643 482 2692 Nihilotumeu
498 2641 672 2690 minushielo·
722 2654 878 2695 strumentum
900 2648 1054 2711 sculptorum,
1078 2660 1218 2710 quemquern

175 2717 403 2768 euevaldevexevit
419 2717 503 2781 interp.
538 2716 670 2780 Vulgutur:
722 2719 992 2781 etaliorumertifieuur.
1025 2718 1217 2783 VideHeyniuur

177 2792 226 2842 Nee
237 2808 273 2840 voe
284 2795 351 2841 turbo
357 2790 411 2855 seri
423 2791 614 2856 cenrufruudoto
624 2809 672 2838 mu·
721 2791 746 2840 in
758 2794 837 2855 Antiq.
848 2793 993 2857 Auferetur,
1005 2791 1035 2838 P.
1048 2791 1085 2839 11.
1097 2807 1153 2856 pag.
1166 2793 1216 2840 136.

174 2867 242 2932 gistri
253 2865 365 2927 spernite.
392 2864 507 2929 Neapolis
517 2880 546 2912 ex
554 2863 672 2912 Macrobii
721 2865 768 2914 Sed
785 2867 925 2915 Taubnerue
941 2865 972 2912 de
985 2864 1041 2913 coeli
1059 2865 1156 2929 sphera
1173 2873 1218 2913 erle

174 2941 191 2989 i.
202 2940 296 2988 Seturn.
310 2941 347 2988 ll.
360 2940 465 2995 notabat,
479 2938 523 2986 boc
539 2953 621 2986 menee
636 2953 672 2985 eo·
722 2938 793 2994 lecte,
805 2939 882 3003 quelir
898 2937 970 2986 luerit
985 2936 1148 2995 Archimedis,
1158 2937 1217 3002 eogi-

175 3013 252 3064 lutum
271 3028 323 3063 esee
343 3013 476 3062 didactrurn
497 3027 512 3059 u
533 3009 672 3075 discipulie;
722 3012 797 3060 tubat.
829 3013 1067 3059 Encauetretobulum
1077 3014 1218 3059 erodente-o·

175 3086 263 3136 deinde
278 3087 390 3151 fingebat,
400 3101 493 3151 pueros,
504 3084 545 3149 qui
561 3084 621 3132 illud
636 3082 672 3130 di·
723 3086 815 3140 loribus,
827 3084 850 3132 h.
858 3100 880 3132 e.
891 3100 957 3133 cerus
967 3084 1095 3132 inurebant
1105 3099 1219 3149 expansu

174 3160 283 3209 deutrum
293 3160 338 3210 eibi
347 3176 361 3208 e
371 3158 508 3225 perentibus
518 3158 600 3206 dutum
612 3165 671 3204 tern-
721 3173 790 3221 super
807 3157 860 3205 loco
876 3155 1010 3222 piugendo3
1028 3156 1132 3212 Plinius,
1150 3172 1218 3206 mr.

174 3250 231 3300 pore
242 3234 352 3284 tenerum
362 3234 425 3283 ludis
434 3243 458 3282 et
467 3232 572 3281 bellariis
580 3233 670 3294 impen-
722 3231 745 3278 4.
780 3231 862 3278 Mollia
872 3231 940 3294 signa
950 3231 1022 3279 etiem
1034 3230 1088 3278 cic.
1097 3231 1166 3280 Brut.
1179 3232 1217 3279 18.

174 3307 260 3365 derint,
279 3316 363 3373 postea
381 3316 446 3357 metu
466 3317 491 3355 et
515 3305 604 3370 pudore
625 3320 671 3352 non
721 3311 776 3352 eunt
785 3305 846 3352 bene
858 3304 988 3359 elaborate,
1000 3303 1085 3367 polite.
1123 3328 1126 3334 2

174 3397 243 3432 euros
259 3398 310 3432 eeee
324 3381 354 3430 ad
370 3380 475 3430 scholam
492 3378 620 3437 recedere,
637 3377 671 3426 eie
754 3379 810 3425 835.
822 3378 905 3425 Caeliur
914 3391 989 3429 mone.
1000 3390 1073 3440 quem
1085 3376 1139 3424 urbi
1154 3374 1218 3423 eddi·

174 3455 297 3520 megietroe
311 3471 387 3509 eemu,
398 3453 525 3517 stipendio,
541 3467 592 3498 esee
608 3450 671 3498 lreu·
721 3450 757 3499 dit
776 3452 861 3499 Tullus
881 3450 1010 3509 Hostilius;
1038 3449 1130 3507 Liviue,
1150 3450 1167 3498 i.
1181 3451 1219 3498 w.

174 3528 243 3578 dator
258 3537 283 3577 et
296 3526 410 3576 Ovidium
426 3541 466 3573 eos
477 3533 601 3589 propterea
614 3539 670 3570 con·
721 3526 758 3573 lbi
776 3526 890 3574 Minervae
908 3525 984 3587 capte
999 3523 1126 3572 delubrum
1142 3523 1219 3579 fnium

175 3602 254 3652 toleti.
289 3598 431 3654 Gronovius,
449 3598 480 3644 de
498 3597 554 3645 Pec.
567 3605 625 3646 vett.
639 3597 672 3644 iv.
720 3599 792 3648 etiam
803 3599 831 3647 P.
842 3599 963 3648 Victorius
973 3597 1003 3646 de
1013 3597 1164 3661 Regienibur
1172 3606 1218 3646 ter·

175 3676 201 3723 2.
211 3673 367 3724 emendabat:
387 3672 437 3719 Nee
447 3687 483 3718 voe
494 3679 546 3717 ture
554 3670 608 3732 feri
618 3687 671 3718 cen·
720 3681 793 3720 tetur.
829 3672 932 3720 Nomine
946 3687 1026 3719 cemos
1037 3670 1141 3718 Ovidius
1152 3669 1220 3718 urim

174 3747 345 3811 tumst-audura
354 3745 458 3808 magistri
467 3743 583 3803 Speruim
595 3742 670 3790 Heiu·
720 3745 837 3810 proponit,
844 3755 868 3793 et
876 3744 988 3792 Heinsius
995 3742 1103 3799 miretur,
1110 3759 1165 3791 euru
1174 3759 1219 3791 non

174 3819 224 3868 eiue
241 3817 387 3880 corrigebat:
407 3816 456 3864 Nee
474 3833 510 3862 noe
525 3832 569 3864 cre
585 3818 671 3863 brevem
721 3818 814 3883 etcepti
824 3817 926 3866 Palladii
934 3815 1077 3864 meminisse.
1099 3817 1221 3876 Cupitulu,

174 3892 386 3956 cenrumsraurlare
396 3894 502 3953 mugitui
511 3890 623 3950 spernite,
633 3888 670 3937 vel
720 3891 864 3956 ingeniosus.
876 3891 947 3939 etiem
959 3891 1012 3939 cic.
1020 3889 1051 3938 ed
1060 3891 1148 3948 Quint.
1156 3891 1222 3939 lnu.

175 3965 245 4015 etium
260 3982 304 4014 aere
321 3967 390 4021 breui,
402 3965 419 4012 i.
429 3980 450 4012 e.
461 3964 521 4029 etipe
532 3963 619 4026 exigrre
629 3978 671 4011 no·
721 3965 746 4013 ii.
766 3967 803 4014 12.
841 3964 904 4012 Vide
921 3963 1011 4012 Mureti
1024 3963 1096 4011 Verr.
1110 3964 1179 4012 Leet.
1194 3963 1222 4011 ii.

174 4054 257 4087 vorum
277 4037 461 4103 discipulorum
476 4052 529 4085 eum
549 4035 672 4100 magistroe
724 4040 761 4087 ll.
806 4040 842 4087 De
868 4041 957 4099 eapitis,
979 4047 1025 4084 etc.
1046 4037 1141 4084 Arnob.
1164 4037 1222 4085 adv.

175 4110 364 4176 Quinquatribus
384 4109 500 4159 Minerva
523 4125 672 4159 connectente
722 4114 796 4162 Gent.
814 4112 847 4160 iv.
865 4126 921 4176 pag.
935 4111 998 4158 1³7:
1016 4109 1136 4166 Minem,
1155 4109 1223 4158 “eui

175 4185 270 4236 nomine
283 4185 431 4236 Miuewelie.
473 4185 598 4234 Teubnero
614 4183 671 4233 erri-
722 4187 850 4252 Corylaeiae
868 4199 954 4233 nornen
969 4181 1063 4240 eet,vel
1081 4198 1112 4232 ex
1127 4182 1225 4249 Cotylo
