2806 5018
468 363 508 429 P.
532 362 694 430 ovmlr
716 361 929 429 NASONIS

177 540 269 639 Ipsa
284 541 392 624 doce,
411 562 497 635 quae
514 539 589 626 sis;
618 536 811 610 hominurn
829 533 1021 608 sententia
1037 532 1175 606 fallax:

229 654 385 753 Optima
401 664 444 726 tu
462 653 602 752 proprii
620 651 780 725 nominis
798 661 928 723 auctor
944 649 1033 722 eris,

180 772 244 844 Sic
263 796 357 867 eg03
387 770 441 843 sic
459 768 597 843 nostris
616 767 810 865 respondit
826 767 912 839 diva
928 765 1093 860 rogatie;

229 887 331 959 Dum
350 886 526 983 loquitur,
544 907 677 957 vernas
695 884 796 955 efflat
813 882 861 955 ab
878 904 944 953 ore
961 904 1091 954 rosas:

179 1003 329 1077 Chloris
339 1025 454 1099 cram,
467 1024 551 1096 quae
560 999 802 1071 Floravocor:
824 1005 1002 1093 corrupta
1010 994 1144 1069 Latino
1159 997 1220 1067 195

232 1117 404 1191 Nominis
419 1128 478 1190 est
493 1114 609 1189 nostri
626 1114 735 1185 litera
753 1113 888 1184 Graeca
905 1136 1012 1185 sono.

182 1232 331 1305 Chloris
349 1256 463 1316 eram,
480 1229 658 1326 Nymphe
677 1227 801 1324 campi
818 1226 950 1312 felicia,
966 1225 1032 1299 ubi
1051 1225 1160 1298 audis

233 1347 330 1421 Rem
349 1347 546 1419 fortunatis
564 1355 650 1417 ante
668 1343 784 1416 fuisse
802 1342 900 1414 viris,

182 1540 237 1593 dem
250 1542 331 1590 malim
346 1542 462 1607 accipere,
475 1550 501 1589 ut
511 1541 537 1588 ii.
551 1545 582 1589 2:
611 1544 678 1588 Alter

180 1625 208 1663 ut
216 1617 270 1664 hinc
280 1619 367 1672 mensis,
376 1619 408 1663 ric
419 1618 476 1663 liber·
485 1617 545 1663 ulter
554 1624 597 1662 ent.
615 1617 677 1661 Auc-

181 1698 225 1744 tor,
243 1688 366 1752 interpres.
400 1689 481 1743 iteras,
501 1687 595 1736 odorem
614 1703 677 1737 rosa·

182 1777 242 1818 rum,
256 1760 297 1825 qui
312 1761 370 1809 odor
384 1761 471 1808 mansit
484 1761 564 1817 etiam,
575 1760 614 1809 ubi
629 1761 677 1809 dis·

183 1835 270 1894 cessit;
287 1850 336 1883 rer.
346 1836 404 1883 376.

218 1910 352 1958 loc-274.
375 1907 552 1958 Jucundirsima
577 1908 678 1956 narratio

183 1981 213 2030 de
225 1981 247 2029 F
247 1984 299 2031 lore
309 1985 397 2047 origine
408 1992 430 2031 et
440 1991 556 2043 potestate.
589 1982 677 2029 Secun-

183 2054 240 2104 tlnm
250 2057 380 2105 Varronem
393 2056 423 2105 de
437 2056 508 2120 Ling.
524 2057 579 2105 Lat.
592 2055 625 2104 iv.
639 2058 677 2104 10.

184 2130 230 2180 t'uit
251 2132 350 2197 antiqua
372 2131 512 2180 Sabinorum
537 2131 591 2187 dea,
612 2131 680 2196 cujus

184 2205 276 2253 cultum
285 2206 313 2253 Τ.
320 2205 403 2253 'l‘ttius
412 2220 452 2252 rer
465 2205 564 2252 Romam
577 2211 680 2252 transtu·

184 2276 221 2325 lit.
258 2278 388 2342 Scriptores
404 2277 569 2333 ecclesiastici,
587 2277 680 2326 Minue.

186 2349 263 2404 Felix.
275 2368 330 2400 xxv.
340 2353 364 2398 9.
378 2351 515 2398 lactantius
528 2352 589 2399 Inst.
604 2351 625 2399 1.
641 2368 681 2398 u.

185 2423 210 2472 6.
229 2423 346 2472 Arnobins
362 2422 474 2471 adversus
487 2423 585 2480 Gentee,
603 2424 639 2473 iii.
657 2441 681 2489 p.

187 2497 244 2555 11³.
256 2511 339 2561 parum
356 2496 479 2544 honestam
496 2496 518 2544 ei
535 2496 594 2546 dant
610 2498 680 2560 origi-

186 2584 250 2617 nern.
284 2571 319 2616 Ex
334 2579 383 2617 arte
394 2571 456 2617 enirn
468 2571 598 2619 meretricia
608 2587 681 2634 quum

186 2656 287 2705 magnas
310 2658 365 2706 opes
390 2643 544 2706 quaesivisset,
567 2645 681 2707 populum

187 2715 322 2763 Romanurn
337 2717 429 2780 scripsit
440 2717 568 2773 haeredem,
582 2727 681 2767 certam·

187 2804 234 2853 que
251 2789 375 2853 pecuniam
392 2791 495 2854 reliquit,
510 2793 578 2856 cujus
594 2808 622 2839 er
640 2808 681 2841 an-

188 2877 235 2910 nuo
249 2863 338 2911 loenore
352 2863 437 2912 natalie
452 2880 508 2912 suus
524 2865 682 2914 celebraretur

188 2935 266 2995 ludis;
287 2936 329 2984 sed
347 2946 451 2992 senatus,
472 2947 498 2985 ut
514 2938 631 3002 pudendae
649 2940 682 2988 rei

187 3008 290 3073 dignitas
317 3011 427 3074 quedam
455 3012 587 3068 adderetur,
615 3013 682 3060 finxit

188 3081 267 3140 deam,
278 3099 332 3147 quae
343 3083 438 3132 floribus
451 3096 569 3149 praeesset,
582 3101 682 3149 eamque

188 3165 294 3221 oportere
305 3157 404 3222 placari,
416 3166 442 3206 nt
457 3159 535 3222 fruges
546 3175 600 3207 curn
614 3161 682 3207 arbo-

188 3230 253 3278 ribus
271 3231 405 3296 vitibusque
421 3232 581 3280 florescerent.
621 3234 682 3289 Quae

188 3304 282 3352 traditio
290 3305 407 3360 ludorum,
415 3306 501 3369 quibus
511 3307 580 3353 Flora
588 3305 682 3353 coleba-

188 3386 234 3432 tur,
244 3378 478 3427 lasciviacontirmari
489 3378 588 3427 videtur.
603 3380 683 3441 Iunge

188 3449 236 3497 alia
254 3460 332 3499 autern
349 3452 450 3500 Ovidius
466 3453 553 3512 habet;
574 3469 603 3500 eo
621 3453 684 3501 enim

189 3533 294 3580 auctore,
308 3526 413 3591 nympha
429 3527 473 3574 luit
489 3527 513 3574 in
531 3527 621 3592 campis
638 3528 683 3574 lor-

187 3596 285 3649 tunatis,
314 3597 369 3644 olim
398 3599 486 3646 Chloris
511 3598 584 3654 dicta,
611 3615 683 3663 quarn

188 3667 308 3730 Zephyrus
326 3669 403 3725 duxit,
423 3680 448 3719 et
466 3689 552 3736 magna
572 3672 596 3720 in
616 3673 683 3721 flores

189 3748 305 3803 potestate
342 3744 415 3798 auxit,
450 3762 568 3808 quemque
605 3746 680 3801 blare,

189 3827 261 3875 quum
277 3815 299 3862 ei
316 3824 391 3863 ortum
408 3833 477 3864 suurn
493 3819 597 3872 deberet.
612 3819 681 3866 deam

190 3885 323 3933 Romanam
342 3888 405 3936 lecit.
446 3889 546 3937 Lenrius
563 3907 576 3938 e
594 3891 682 3939 Catulli

188 3958 292 4007 carmine
308 3960 338 4008 de
357 3962 481 4010 Berenices
497 3979 564 4011 coma
581 3963 681 4027 colligit,

189 4032 294 4080 fabulam
309 4035 339 4082 de
354 4035 475 4092 Chloride,
489 4037 589 4100 Zephyri
603 4054 682 4095 uxore,

189 4104 260 4154 luisse
279 4109 416 4172 antiquam
437 4125 489 4156 earn
510 4120 590 4175 poetas
607 4111 681 4159 Alex-

189 4177 298 4229 andrinos
312 4182 342 4231 sd
353 4181 479 4240 Arsinoen,
490 4183 611 4233 Ptolemaei
626 4184 681 4232 Plri-

727 1539 833 1605 ladelphi
847 1554 952 1594 uxorem,
964 1535 1122 1592 transtulisse,
1133 1545 1157 1584 et
1168 1533 1221 1583 Osi·

726 1612 793 1660 dium
821 1611 880 1660 forte
906 1628 920 1660 e
948 1609 1095 1660 Callimachi
1124 1607 1222 1657 carniae

728 1686 799 1736 Aina
810 1686 925 1735 hausisse.
1085 1720 1089 1725 -

762 1760 850 1808 Chloris
872 1776 942 1814 ιναιιι,
962 1758 1023 1821 etc]
1044 1757 1116 1805 ran
1137 1770 1218 1805 nonen

728 1840 809 1898 aperte
824 1833 896 1881 babet
909 1848 924 1880 a
938 1832 1050 1890 floribns;
1066 1830 1110 1880 sed
1124 1829 1221 1879 Ovidius

728 1907 780 1956 hec
807 1907 882 1962 finxit,
901 1915 929 1954 ut
956 1921 969 1954 e
996 1904 1110 1955 Cbloride
1136 1905 1223 1953 Herm

728 1981 806 2030 iacere
833 1989 918 2046 posset.
963 1979 1009 2027 Pro
1032 1990 1151 2042 corrupte,
1173 1993 1223 2026 curn

729 2055 827 2104 Horatio
844 2055 898 2103 Art.
916 2055 983 2102 Poet.
997 2055 1039 2110 5³,
1054 2070 1124 2115 perce
1139 2055 1223 2102 detorta

729 2128 809 2177 dicere
818 2128 943 2193 potuisset.
979 2127 1223 2191 Chlorirestsgrssco

730 2204 837 2267 χλωρὸς,
859 2201 947 2257 viridis,
967 2200 1060 2265 vigens,
1086 2201 1180 2256 florens.
1200 2210 1225 2249 ut

730 2275 1225 2326 adeohsecduonominasensunonnul·

730 2358 781 2397 tnrn
792 2350 852 2397 inter
861 2364 887 2396 se
899 2347 1018 2396 differant.
1046 2348 1224 2412 Curspisellcis5

730 2422 836 2483 intellige
846 2421 936 2470 insulas
945 2420 1087 2477 innuentes,
1097 2437 1159 2486 quas
1168 2436 1223 2486 prsi-

730 2505 801 2546 eunte
824 2496 929 2545 Hesiodo
943 2494 1017 2560 Ἔργ.
1037 2497 1085 2544 tto
1104 2511 1162 2561 sqq.
1179 2496 1224 2543 Hs-

731 2572 813 2627 rstins,
829 2571 873 2635 Ep.
887 2570 936 2618 xri.
947 2572 988 2618 tl.
1005 2569 1130 2627 describit,
1146 2585 1224 2634 qusn-

731 2659 803 2707 quam
821 2644 892 2691 etium
911 2643 1037 2699 Homerus,
1055 2644 1104 2692 Od.
1122 2652 1152 2693 Δ.
1167 2645 1221 2693 563.

731 2716 808 2764 similo
820 2716 919 2781 quidde
932 2732 1016 2782 cumpo
1031 2718 1114 2781 Elysio
1127 2717 1159 2765 ad
1172 2717 1225 2764 fines

732 2797 798 2838 terrae
816 2790 920 2838 tradidit.
954 2790 983 2837 In
1000 2789 1049 2838 illis
1066 2790 1160 2846 insulis,
1175 2795 1226 2839 Ha·

732 2862 816 2927 κόρων
834 2864 939 2922 νήσοισι,
953 2864 1026 2928 juxta
1044 2879 1162 2912 oceanum
1177 2878 1225 2928 pro·

732 2936 842 2991 fundum,
861 2937 924 2985 beuti
942 2938 1030 2991 heroes,
1047 2937 1131 2998 ὄλβιοι
1147 2939 1226 3001 ἣρως,

732 3009 782 3057 siue
800 3011 863 3058 curis
882 3010 998 3064 habitant,
1017 3010 1096 3076 iisque
1117 3021 1178 3059 terra
1196 3019 1227 3058 ter

733 3085 858 3147 quotannis
884 3083 977 3132 dulcem
1000 3084 1105 3132 fructum
1134 3085 1225 3149 profert.

733 3159 838 3205 Auctore
860 3158 988 3206 Plutarcho
1009 3158 1033 3206 in
1055 3159 1113 3207 Vita
1130 3157 1226 3213 Sertorii,

733 3246 787 3295 cap.
799 3233 823 3279 8.
834 3231 960 3280 duodecies
971 3241 1076 3280 centena
1088 3233 1165 3281 millia
1176 3247 1224 3297 pu·

733 3321 802 3352 suum
820 3307 851 3353 ab
864 3305 947 3354 Africa
963 3305 1069 3362 distant3
1092 3318 1117 3354 st
1134 3303 1224 3354 Barbun'

734 3378 790 3426 olim
804 3379 932 3427 credebant
944 3395 1043 3444 campos
1057 3381 1091 3429 ibi
1104 3380 1223 3445 Elysioset

734 3452 813 3501 sedern
825 3454 995 3501 fortunatorum
1005 3453 1088 3510 luisse,
1101 3470 1173 3518 quarn
1183 3453 1224 3502 Ho-

734 3541 811 3574 merus
822 3526 961 3575 laudaverit.
993 3528 1086 3576 Putant
1096 3528 1223 3592 designatas

732 3614 782 3648 esee
797 3600 847 3647 istis
860 3600 957 3655 insulas,
973 3616 1027 3664 qure
1043 3600 1115 3648 bodie
1129 3601 1223 3649 cenric

732 3672 857 3731 dicuntur,
870 3673 918 3721 vid.
929 3673 1017 3737 Heynii
1027 3673 1148 3738 Opuscul.
1156 3670 1222 3720 need.

733 3746 779 3794 vol.
794 3747 809 3792 i.
822 3764 846 3810 p.
859 3748 917 3794 ³95.
932 3757 956 3794 et
970 3742 1222 3796 Mitscherlicbiurnsd

733 3819 856 3868 Horatium
873 3821 938 3869 dicto
955 3822 1015 3868 loco.
1055 3823 1118 3869 Ante
1133 3821 1221 3869 Lentim

732 3894 854 3957 conjungit
879 3910 933 3941 curn
955 3897 1010 3950 uiri,
1030 3903 1059 3941 ut
1078 3894 1101 3942 ol
1122 3887 1222 3956 arpimtl

734 3966 841 4030 πρόσθεν
867 3965 1040 4029 intelligantur.
1084 3966 1136 4029 Ego
1158 3965 1222 4028 jungo

733 4055 786 4087 cum
802 4039 888 4103 fnisse,
909 4038 966 4086 olim
992 4039 1075 4094 fuine,
1097 4052 1181 4102 nempe
1199 4047 1222 4082 tt

732 4121 812 4169 etate,
827 4129 899 4177 quarn
917 4112 1037 4161 Hesiodus
1056 4112 1174 4161 heroicam
1189 4121 1220 4156 ro

732 4195 785 4245 cat;
803 4186 836 4235 sic
847 4186 908 4234 intra
920 4202 968 4235 ver.
979 4187 1038 4241 222.
1048 4195 1104 4234 sate
1114 4195 1173 4234 ma
