2806 5018
178 356 243 419 300
468 348 694 415 P.0V.1D11
722 347 934 413 Nasouts

176 525 290 599 Lacte
309 547 411 596 mero
429 535 574 596 veteres
593 523 649 594 usi
668 531 932 606 memorantur,
952 532 993 593 et
1009 519 1154 604 herbis,

225 639 369 735 Sponte
387 637 504 711 suasi
523 661 618 733 quas
636 648 735 711 terra
753 637 909 721 ferebat,
929 636 996 708 ait.
1155 639 1221 707 370

175 752 370 826 Candidus
389 753 490 825 elisae
510 752 688 825 miscetur
706 776 840 825 caseus
858 750 999 836 herbae,

227 866 443 963 Cognoscat
460 866 603 963 priscos
621 877 664 938 ut
684 865 767 939 Dea
784 865 909 962 prisca
925 865 1048 939 eibos.

175 979 370 1053 Posrnnn
391 1005 508 1077 quum
526 981 621 1053 coelo
639 982 751 1054 motis
771 980 979 1054 Pallantias
999 978 1115 1052 astris

226 1096 401 1183 Fulserit‚
420 1109 459 1170 et
476 1097 603 1170 niveos
623 1096 729 1170 Luna
745 1099 876 1171 levarit
893 1119 1031 1192 equos,

176 1209 249 1295 Qui
269 1212 381 1299 dicet,
402 1212 593 1307 quondam
611 1224 758 1285 sacrata
775 1222 833 1285 est
850 1210 947 1284 colle
967 1209 1121 1292 Quirini
1156 1213 1220 1282 375

226 1325 310 1399 Hac
330 1326 496 1413 Fortuna
513 1326 574 1398 die
593 1324 767 1411 Publica,
785 1349 895 1399 verus
914 1323 999 1398 erit.

174 1439 338 1512 Tnarra
358 1441 436 1525 lux,
456 1440 621 1525 memini,
640 1440 739 1513 ludis
758 1450 857 1514 erat:
887 1449 927 1512 at
943 1438 1037 1511 mihi
1058 1439 1210 1535 quidam

211 1553 424 1650 ‚Spectanti
443 1554 577 1638 senior,
596 1557 873 1650 contiguusque
892 1553 988 1638 loco,

177 1734 228 1790 dro,
239 1736 321 1792 bulbo,
333 1750 411 1790 caseo,
422 1735 475 1783 oleo
492 1748 516 1783 et
533 1744 601 1783 aceto
617 1752 673 1784 con·
724 1734 1218 1791 lendariurnvetuo,ubiFOR'l'VN.PVB·

177 1808 274 1865 fectum,
292 1825 340 1873 quo
356 1807 492 1857 stomachus
509 1808 674 1869 vellicaretur3
725 1810 788 1859 utc.
800 1809 853 1858 PR.
864 1809 901 1857 IN
915 1809 1010 1858 COLL
1022 1808 1049 1856 id
1067 1817 1114 1863 eat,
1125 1809 1218 1856 Portum

177 1881 231 1929 vide
248 1882 372 1930 Scholiast.
388 1882 540 1947 Aristophan.
553 1883 583 1931 ad
601 1885 674 1948 Vasp.
725 1883 827 1932 Publica
847 1881 991 1945 Primigenia
1010 1880 1037 1930 iu
1060 1882 1132 1930 colle.
1164 1882 1217 1928 Hinc

176 1956 233 2003 312.
260 1965 284 2003 et
312 1955 405 2019 Virgilii
432 1956 559 2004 Moratum.
596 1957 674 2004 Etiam
725 1957 839 2021 Neapolis
855 1956 960 2020 conjicit,
977 1956 1040 2004 duaa
1058 1956 1174 2004 Fortunae
1189 1954 1217 2002 iu·

177 2029 292 2094 Neapolis
311 2030 355 2078 hoc
376 2030 429 2078 loco
449 2031 559 2094 quedam
579 2031 609 2080 da
631 2031 674 2079 hoc
725 2030 809 2093 telligi,
820 2044 918 2094 quarum
930 2027 1007 2077 ultera
1020 2029 1123 2076 Publica
1136 2035 1218 2076 tantun

177 2102 231 2150 cibo
242 2104 347 2168 collegit.
382 2104 437 2158 Suo,
445 2104 511 2168 justa
522 2114 563 2152 aut
575 2104 675 2168 propria.
725 2102 755 2149 sit
765 2101 839 2159 dicta,
851 2102 926 2150 altera
936 2109 961 2149 et
973 2102 1120 2167 Primigenia
1131 2110 1155 2150 et
1167 2100 1218 2147 ru-

178 2175 203 2224 δί
219 2194 274 2239 quaa
290 2193 337 2225 non
353 2176 484 2225 dubitantis
500 2187 544 2233 est,
555 2177 596 2224 sed
614 2177 675 2224 affir·
726 2177 770 2222 liro
779 2193 787 2231 ;
809 2175 879 2238 hujus
895 2173 971 2222 aedem
989 2189 1073 2222 menae
1092 2174 1161 2222 Maio
1176 2185 1218 2221 en

179 2249 266 2296 mantis
274 2266 323 2313 pro,
331 2265 399 2313 quae.
423 2249 675 2313 Elisa,cotrtritaepaa·
726 2247 870 2303 dedicatam,
897 2247 962 2296 ittiua
988 2247 1079 2312 Aprili.
1116 2248 1217 2296 Vertite:

178 2321 237 2369 tillo.
271 2323 334 2370 Vide
351 2322 485 2369 Heinsium.
520 2323 549 2370 ln
567 2323 676 2387 temporia
726 2321 789 2369 Ludi
816 2323 924 2370 Fortuna
955 2322 1060 2370 Pollice
1088 2323 1218 2370 citerio-ia

178 2395 270 2458 antiqui
282 2395 418 2442 memoriam
429 2397 504 2443 multa
519 2404 610 2444 servata
621 2406 676 2445 suut
725 2397 788 2443 colle.
813 2396 914 2460 Foggiu.
925 2395 1022 2461 supplet
1032 2397 1148 2451 citeriori,
1157 2394 1218 2459 idque

177 2467 202 2514 in
214 2467 286 2514 sacris
299 2476 411 2515 veterum.
725 2469 796 2517 refert
807 2469 837 2517 ad
849 2469 974 2516 Fortunam
984 2486 992 2526 ;
1007 2468 1140 2517 Fortunam
1150 2479 1218 2516 anun

211 2541 349 2588 373-333.
364 2541 422 2588 Haec
436 2556 529 2604 quoque
540 2541 570 2589 ad
582 2550 674 2607 tempus
724 2545 849 2590 citeriorem
870 2543 937 2591 intel.
956 2557 1020 2597 earn.
1040 2558 1116 2606 quam
1136 2542 1219 2591 Plutar-

178 2613 352 2675 Megalenaium
368 2613 494 2676 pertinent,
506 2614 535 2661 ad
554 2614 605 2662 dies
616 2633 639 2663 v.
649 2627 674 2664 et
724 2615 791 2672 chus,
803 2615 934 2674 Quaestiou.
945 2615 1055 2663 Roman.
1071 2631 1102 2664 ex
1120 2631 1177 2664 voce
1191 2615 1218 2662 la·

179 2685 210 2732 ri.
222 2685 319 2748 Aprilis,
331 2685 452 2748 obiterque
463 2702 499 2733 rea
509 2686 568 2735 duas
579 2698 674 2737 narrant
724 2688 774 2735 tina
786 2688 865 2736 Breuis
876 2687 970 2751 Βρέβεμ
981 2688 1067 2736 vertit.

178 2758 234 2806 olim
247 2758 296 2805 istis
307 2759 390 2807 diebus
401 2769 493 2823 gestas:
512 2764 673 2809 dedicationem
757 2762 812 2809 377.
840 2763 930 2809 Locum
952 2776 1004 2824 aeq.
1026 2761 1090 2809 bene
1116 2758 1220 2826 explicuit

179 2833 254 2892 templi
272 2832 379 2880 Fortuna
395 2833 504 2889 Publica,
516 2842 540 2882 et
557 2838 673 2883 victoriam
724 2834 830 2881 trason.
843 2834 867 2881 iu
879 2833 937 2882 Vita
954 2833 1039 2882 Ovidii
1057 2834 1088 2882 ad
1107 2851 1148 2882 an.
1159 2831 1220 2883 U.C·

180 2906 273 2952 Cetaria
288 2910 315 2954 de
324 2907 394 2962 tota,
405 2916 453 2954 tum
468 2907 541 2954 Libro
556 2911 635 2955 imbres
650 2917 674 2956 et
724 2907 781 2954 732.
818 2907 896 2954 Tertio
914 2908 962 2962 lua,
973 2905 1026 2954 dies
1045 2907 1132 2956 tertius
1146 2908 1219 2970 Mega·

180 2979 270 3027 Orionis
282 2997 389 3029 meorum.
420 2981 673 3040 Pailontior,rlurora;
723 2980 824 3027 lensium
838 2981 887 3028 sive
899 2980 931 3027 vi.
942 2979 994 3027 ‹lies
1009 2980 1112 3044 Aprilia,
1128 2994 1221 3029 nouau-

178 3053 278 3101 Metam.
289 3054 385 3103 tatto.
403 3056 439 3102 Ea
447 3055 535 3101 oriente
545 3054 674 3118 diffugiunt
723 3061 769 3100 tero
790 3053 874 3100 tertius
892 3054 922 3099 ab
943 3053 1002 3118 ipaia
1017 3053 1106 3101 Nonis.
1141 3054 1165 3101 Is
1180 3061 1221 3099 eret

177 3129 256 3184 rtetto,
268 3128 367 3176 Metam.
378 3127 404 3175 ii.
418 3130 462 3174 lll
474 3146 480 3185 ;
499 3144 540 3192 pro
554 3143 601 3191 quo
612 3144 674 3176 nunc
724 3127 793 3180 ludia,
804 3142 832 3172 eo
844 3125 976 3173 edebantur
987 3125 1039 3173 ludi
1051 3126 1153 3175 scenici.
1171 3126 1220 3174 Vre·

177 3212 302 3255 meritur,
312 3201 363 3250 scil.
374 3201 473 3249 statione
485 3200 508 3247 iu
521 3201 582 3249 coelo
594 3201 673 3264 expel·
724 3199 916 3263 toriae‚quaejaru
925 3209 1136 3257 commemoratur,
1143 3214 1222 3249 memo·

177 3271 265 3328 luntur,
293 3284 319 3321 ut
346 3275 424 3321 hostes
454 3277 536 3321 moueri
565 3272 675 3321 dicuntur
725 3274 758 3319 ria
771 3289 817 3320 nou
829 3273 994 3321 celebrabatur
1006 3273 1105 3324 Romae.
1131 3274 1223 3323 Ovidius

178 3361 251 3408 quum
265 3362 278 3395 e
293 3350 376 3395 castris
391 3346 532 3410 ejiciuntur;
547 3345 601 3393 vide
612 3346 674 3392 Dra·
726 3355 805 3393 tamen
819 3345 943 3394 commode
958 3361 1011 3393 earn
1029 3357 1138 3412 repetere
1150 3345 1223 3400 voluit,

178 3419 249 3467 kenb.
268 3420 297 3467 ad
317 3421 368 3468 Liv.
386 3437 409 3467 x.
424 3422 447 3468 4.
482 3421 568 3466 Leoore
585 3419 675 3467 scilicet
725 3418 806 3481 itaque
829 3420 940 3483 figmento
962 3419 1088 3482 ingenioso
1111 3438 1167 3471 usus
1185 3428 1222 3469 eet.

174 3491 240 3554 jugo,
258 3493 356 3541 solvere.
389 3494 437 3540 Au.
450 3493 481 3541 U.
492 3493 522 3541 C.
535 3495 592 3541 549.
609 3493 674 3540 Sem-
727 3494 864 3557 Contiguus,
883 3508 924 3556 pro
941 3508 990 3556 quo
1012 3494 1084 3544 multi
1101 3499 1225 3548 continuat,

177 3564 274 3626 pronius
284 3581 331 3613 cos.
342 3565 456 3628 principio
467 3582 552 3629 pugnae
564 3565 675 3613 adversus
725 3565 912 3615 benesehabet.
936 3566 1118 3635 Utrontingere
1129 3571 1223 3634 aliquem

178 3633 346 3692 Hannibalem,
355 3636 430 3684 edem
443 3637 550 3685 Fortuna
562 3638 674 3703 Primige-
726 3638 910 3702 propinquitate,
922 3639 1031 3689 amicitia
1043 3642 1156 3699 dicimur,
1163 3642 1195 3690 cic
1204 3648 1224 3688 at

179 3709 222 3752 nie
233 3707 304 3763 vovit,
316 3724 416 3771 eamque
432 3709 514 3756 decern
531 3710 599 3757 annis
614 3720 673 3775 post,
725 3713 787 3768 loeo,-
816 3712 971 3769 Claudianus,
994 3713 1046 3763 viii.
1069 3717 1135 3764 tat:
1163 3730 1224 3778 aquei

178 3780 233 3825 colle
252 3779 370 3831 Quirinali
387 3782 627 3834 sacravit‚dedicavit
644 3786 674 3840 Q.
724 3789 842 3849 contiguus
862 3787 975 3843 hostibus,
1001 3805 1025 3835 v.
1047 3791 1112 3838 219.-
1139 3792 1225 3838 Parcite

179 3851 281 3897 Martius
298 3851 371 3899 Ralla
387 3852 496 3900 duumvir
510 3854 539 3903 ad
558 3855 581 3902 id
598 3857 674 3920 ipsum
725 3861 909 3921 contiguohosti.
938 3860 1035 3919 labam,
1047 3879 1131 3927 regem
1141 3863 1225 3913 Mauri·

178 3930 284 3980 creatum
307 3925 357 3971 liv.
375 3925 439 3971 xxix.
460 3927 506 3983 ³6;
529 3928 607 3974 xxxiv.
626 3932 674 3988 53;
726 3933 795 3979 taniae
810 3932 974 3981 fidelissimum
990 3936 1102 4000 partibus
1117 3934 1226 4004 Pompeii.

178 3994 220 4043 sed
232 3994 318 4042 Noster
328 3997 397 4043 etiam
410 4014 432 4044 ν.
440 3998 496 4043 720.
507 3997 556 4044 viii.
569 4000 673 4048 Kalend.
725 4012 749 4050 et
760 4005 895 4069 Scipionem
906 4008 989 4056 Cesar
1000 4009 1060 4058 vicit
1072 4010 1104 4059 ad
1112 4012 1226 4076 Thapson

179 4069 238 4116 Jun.
252 4068 463 4117 FortunaPobtico
471 4071 583 4134 ternplum
591 4073 674 4121 datum
724 4077 782 4124 Post
791 4078 884 4126 cladem
895 4090 1020 4145 acceptam
1028 4084 1044 4132 J
1049 4085 1097 4132 uba
1107 4083 1227 4149 magnifiee

180 4149 271 4199 narrat,
289 4149 360 4206 atque
378 4141 418 4196 ita,
430 4152 454 4190 et
470 4143 552 4192 eodem
568 4144 606 4192 die
624 4148 673 4194 lia·
724 4151 833 4215 epulatus
842 4162 877 4201 est
886 4169 941 4202 curn
949 4155 1057 4215 Petreio,
1064 4158 1129 4224 iuge
1139 4158 1228 4212 comite.
