2806 5018
173 341 238 406 aot
566 339 822 406 EXCURSUS

219 512 413 578 Parauaauoa
438 512 513 578 inda
539 512 616 579 milri
640 513 753 588 habac,
778 512 942 578 Romanoa
972 510 1059 575 laune
1090 529 1219 582 moram,

174 613 258 679 tutia
278 621 312 677 et
334 614 477 678 decumis
496 614 529 677 iu
543 614 695 680 Herculis
716 622 772 679 ara
790 613 914 690 oblatis,
929 611 1060 677 divitias
1078 612 1120 676 ab
1137 608 1220 676 Her·

174 713 247 779 cula
262 715 446 798 expetendi,
462 715 558 799 eiquo
579 738 673 800 opum
694 724 728 780 et
747 717 883 780 fortunae
900 714 1089 800 praesidium
1106 713 1221 777 odacri·

173 817 282 893 bandi,
298 818 563 901 quandocumque
582 819 621 881 ab
641 817 701 883 hoc
716 816 906 883 Phoenicum
925 837 1014 881 more
1030 817 1170 900 potiiae;
1188 823 1222 878 et

175 928 264 985 carle
279 918 329 984 hic
346 940 413 983 moa
427 940 520 1003 aeque
535 921 660 985 accedit
674 941 774 1004 propa
788 921 828 984 ad
840 919 972 1004 Tyrium
985 918 1080 982 illum
1095 917 1220 982 Hercu·

174 1019 250 1096 lem,
265 1042 361 1104 quam
375 1021 487 1106 procul
502 1043 576 1086 aum
590 1021 760 1087 abhorrere
772 1023 814 1084 ab
829 1021 927 1086 heroa
947 1020 1002 1087 illu
1019 1018 1144 1085 Graeco
1158 1039 1219 1084 om·

175 1143 233 1188 uer
248 1121 427 1191 viderunt&
1021 1134 1025 1141 '

490 1490 820 1567 EXCURSUS
858 1490 906 1567 V.

191 1730 237 1778 na
259 1732 389 1780 nonaum
412 1735 506 1780 anuo
529 1735 643 1781 uncam
667 1735 820 1781 anasiuni
843 1737 887 1781 an
909 1736 1046 1796 roaros,
1066 1738 1120 1782 ιιι.
1143 1719 1208 1783 121.

624 1846 667 1891 nr
682 1846 705 1890 1.
720 1827 774 1891 28.

566 1992 828 2002 o-o-—o-n——n—--

295 2094 438 2175 Tempora
451 2096 593 2174 digereret
606 2116 697 2175 quum
710 2092 838 2155 conditor
851 2093 940 2164 urbis,
954 2094 987 2153 io
1001 2117 1081 2156 auno

333 2188 492 2250 Constituit
504 2209 616 2251 menaea
629 2191 757 2269 quinque
769 2190 814 2249 bis
827 2208 888 2249 esse
901 2208 962 2248 suo.

293 2376 399 2438 Mnus
411 2387 483 2448 erat,
498 2379 640 2438 decimum
653 2364 743 2458 quu'm
756 2377 826 2438 luna
838 2377 999 2457 repleverat
1011 2378 1124 2438 orbem.

177 2549 207 2621 1·
232 2527 506 2620 RATIONEM
523 2553 698 2638 aplurimis
713 2561 859 2618 veterum
877 2548 1013 2627 initam¹,
1029 2560 1070 2616 ut
1087 2573 1217 2626 meuses,

176 2653 286 2735 quales
303 2661 531 2736 portauerant,
547 2654 673 2719 lunares
689 2654 883 2737 acciperent,
899 2653 995 2717 modo
1009 2654 1145 2738 triginta
1158 2653 1217 2718 die

176 2776 257 2828 rum,
274 2756 369 2819 modo
383 2755 514 2839 triginta
528 2766 563 2820 et
577 2757 679 2831 unius,
696 2767 730 2821 et
744 2758 788 2822 ita
801 2779 883 2820 anuo
899 2756 1063 2820 Romuleo
1077 2758 1143 2822 304
1156 2757 1218 2821 dics

176 2856 391 2940 adsignarent,
416 2867 510 2921 acute
535 2860 602 2943 jam
627 2860 803 2923 confutavit
826 2858 939 2921 illustr.
959 2858 1101 2922 Bredoao
1122 2859 1217 2941 (llist

179 2958 312 3024 Uoters.
332 2958 379 3023 H.
401 2958 430 3023 1.
452 2982 483 3043 p.
503 2959 573 3036 38.)
618 2961 754 3026 Dianitis
778 2961 864 3025 enim
882 2959 986 3023 verbis
1008 2959 1126 3024 Livius
1152 2961 1218 3025 anni

177 3061 365 3127 divisionem
389 3063 430 3125 ad
453 3062 536 3126 lum
555 3084 679 3127 caram
694 3062 813 3127 Numae
833 3062 962 3125 demum
982 3061 1159 3138 adscribit;
1177 3072 1217 3137 at,

177 3167 263 3248 quod
283 3164 410 3229 omuino
429 3164 649 3248 perusinum
670 3175 731 3241 est,
745 3164 844 3248 ipsius
857 3164 934 3229 anui
948 3163 1049 3239 notio,
1066 3185 1143 3249 quaa
1156 3186 1217 3229 cer-

208 3368 307 3426 lQuod
323 3369 343 3416 ai
358 3367 428 3432 igitur
441 3368 465 3417 io
482 3368 554 3432 sylla
569 3369 670 3418 nummis
721 3370 765 3418 sub
786 3368 837 3432 ejus
857 3366 966 3431 prasidio
991 3377 1133 3433 paratuum
1153 3368 1217 3417 deaa-

177 3441 241 3508 apud
253 3442 337 3490 Ethel.
350 3453 405 3490 rom.
417 3441 671 3506 vi.p.9s.1{erculam
721 3457 785 3490 mam
795 3440 1020 3499 offerebacomnioo
1030 3442 1130 3491 maximi
1138 3441 1217 3490 habuc

177 3517 284 3581 agnoscit
297 3516 332 3563 air
346 3515 438 3572 doctus,
449 3522 464 3544 '¹
476 3529 625 3580 quacumque
640 3516 670 3564 de
722 3515 833 3571 debebat,
843 3523 868 3564 at
884 3513 990 3562 eamdem
1006 3515 1040 3563 ob
1057 3528 1163 3571 musam,
1177 3528 1218 3578 qna

176 3604 250 3638 causa
265 3589 333 3636 illum
348 3598 447 3638 monetas
458 3588 571 3644 intulerit,
581 3588 671 3637 nescire
723 3591 839 3638 Venerem
857 3598 881 3637 et
895 3589 1033 3644 Fortunam,
1044 3589 1120 3638 etiam
1135 3591 1216 3638 Herna·

177 3663 219 3711 aa''
231 3662 320 3717 dicans.
333 3662 372 3710 vir
388 3661 529 3726 ampliuada
540 3677 672 3718 caucasus
722 3663 769 3713 lam
787 3663 813 3712 in
830 3661 932 3711 nummis
949 3661 1060 3711 exhibet.
1092 3664 1216 3727 Tamquam

102 3750 105 3755 ·
176 3735 276 3784 adsidue
289 3736 414 3784 Herculem
431 3735 529 3785 coluerit
539 3736 615 3800 Sylla,
627 3737 671 3784 du·
722 3736 930 3786 sortiaetiortuuae
941 3736 1216 3801 presesappameaiaa

176 3810 246 3858 bites.
273 3809 319 3857 llic
331 3809 394 3856 enim
405 3809 448 3863 air,
456 3808 497 3872 qui
507 3811 557 3873 ipae
566 3809 671 3858 confiteri
720 3811 746 3860 io
756 3811 877 3860 historiola
888 3811 951 3875 apud
962 3811 1030 3859 Plut.
1042 3812 1144 3862 Romal.
1153 3808 1215 3861 &ahi

174 3883 277 3938 solebat,
288 3883 396 3930 Fortunas
411 3899 436 3931 aa
450 3883 530 3931 omnia
540 3882 636 3939 debere,
648 3893 672 3932 at
721 3886 775 3935 talia
785 3885 909 3934 indiacum
919 3884 1018 3934 edituo.

177 3957 232 4007 iude
255 3955 348 4012 Felicis,
365 3956 455 4010 Fausti,
472 3957 609 4021 cognomina
626 3956 670 4007 sibi
752 3960 757 3994 ¹
775 3959 848 4009 Ouid.
864 3959 880 4008 l.
891 3976 915 4008 c.
925 3961 1037 4010 Macrob.
1053 3961 1070 4010 i.
1087 3962 1135 4023 la,
1150 3959 1215 4011 acho-

176 4031 320 4095 imponebat,
338 4030 472 4085 llarcnlern,
490 4030 530 4093 qui
552 4037 671 4094 tamquam
723 4032 739 4082 i.
755 4033 875 4083 Censorio.
887 4050 928 4082 rr.

175 4118 248 4171 opum
261 4115 286 4154 at
299 4102 433 4154 divitiarum
447 4103 549 4169 prasidi,
560 4104 672 4154 bonorum
