2806 5018
324 331 390 398 000
719 335 975 403 EXCURSUS

325 508 393 570 dar.
416 505 514 570 Mart
535 504 710 572 hirundinis
731 509 801 572 visu
825 519 860 573 ct
880 519 1011 593 postero
1030 511 1082 575 die
1103 513 1239 578 Arcturi
1258 527 1366 580 exortu

324 609 513 694 vespertino,
537 608 686 692 quicum
713 610 851 675 Eudoxo
877 613 964 676 facit.
1008 613 1064 678 Ad
1086 617 1241 682 amussim
1263 627 1364 685 autem

324 710 478 774 Petavius
493 733 565 774 cum
579 711 788 786 Euctemone,
802 714 835 777 iu
849 714 941 799 cujus
956 715 1062 780 tabula
1075 729 1249 806 neronyctc
1261 721 1363 784 oritur

325 812 414 876 Pirc.
428 813 493 876 13⁰.
510 812 639 877 32=d.
654 815 676 877 5
691 816 795 878 Mart.

365 914 459 977 Idem
476 916 568 978 video
585 916 845 980 animadvertisse
861 918 1086 993 Pontederam,
1104 923 1161 1006 qui
1181 924 1361 989 astronomi-

323 1040 376 1085 cus
391 1021 530 1083 rationes
546 1042 586 1083 ne
602 1021 744 1103 respexit
758 1022 899 1103 quidem,
909 1043 940 1104 p.
950 1023 1024 1085 405.
1057 1022 1164 1103 Quam
1177 1024 1362 1091 Teubnerns

323 1131 436 1197 tentat,
455 1123 592 1196 medela,
608 1131 655 1195 nt,
676 1124 930 1208 interrogationis
952 1124 1044 1208 signo
1062 1134 1136 1208 post
1159 1135 1232 1190 tuos
1253 1129 1361 1211 positu,

322 1226 410 1289 locus
427 1234 574 1309 negetur,
591 1224 645 1287 vix
662 1226 854 1288 mentionem
869 1234 1018 1288 meretur.
1054 1225 1178 1310 Aperte
1194 1228 1281 1292 inter
1294 1228 1362 1293 vitiu

322 1349 342 1390 a
356 1335 453 1410 poeta
464 1327 601 1389 admissa
611 1327 801 1390 referendus
812 1335 863 1390 est
877 1327 975 1401 locus,
986 1335 1021 1390 et
1035 1327 1246 1411 probabiliter
1256 1330 1359 1404 fastus,

322 1451 402 1514 quos
422 1429 625 1511 sequebatur,
642 1427 726 1492 male
744 1427 831 1512 legit.
886 1429 1037 1494 Occuaum
1056 1431 1143 1495 enim
1163 1432 1360 1507 mutium.

321 1551 418 1614 quern
433 1530 466 1592 in
482 1529 564 1593 hunc
579 1530 665 1593 diem
680 1529 763 1594 male
782 1530 899 1614 posuit,
913 1538 1002 1594 recte
1018 1533 1173 1595 describit
1189 1533 1304 1599 um.
1316 1534 1358 1619 (d.

321 1631 365 1697 26
382 1631 474 1705 Mai.)

506 1765 631 1825 Auferat
644 1785 680 1825 ex
693 1765 782 1825 oculis
794 1765 913 1825 veniens
926 1765 1039 1826 Aurora
1051 1766 1179 1834 Baetem

320 1910 540 1975 consentiente
565 1909 712 1981 Petavio,
736 1908 791 1990 qui
814 1909 961 1972 eumdem
983 1910 1022 1972 ad
1046 1909 1144 1973 Gem.
1168 1911 1357 1976 iii.16.ud-

320 2014 428 2078 soribit
442 2022 476 2076 et
491 2012 559 2075 l'ere
577 2010 772 2075 Columella:
797 2011 830 2073 xi
847 2010 988 2074 Kalend.
1002 2011 1025 2077 J
1027 2033 1079 2075 un.
1096 2014 1265 2078 Arcturus
1278 2036 1356 2079 uruat

318 2115 452 2181 occidit:
470 2114 512 2177 cf.
523 2114 670 2178 Euctem.
685 2113 717 2175 in
730 2112 825 2176 Gem.
837 2112 973 2177 Ovidius
986 2114 1123 2177 maxime
1139 2115 1181 2177 ad
1193 2116 1354 2180 verisnam

321 2218 454 2282 accedit.

362 2321 406 2382 3⁰.
423 2320 464 2381 iv.
480 2317 556 2380 904.
571 2317 616 2399 (d.
633 2317 677 2379 25
692 2316 810 2399 April.)
825 2313 922 2379 Canis
937 2316 1070 2379 traditor
1085 2318 1179 2380 oriri:

494 2466 640 2543 Signaque
654 2466 724 2525 dant
738 2466 857 2539 imbree3
878 2467 1061 2545 exoriturque
1074 2467 1183 2538 Canis3

319 2610 358 2673 ad
384 2608 471 2690 quod
500 2607 586 2669 sidus
614 2606 803 2689 placandum
830 2606 999 2692 Robigalia
1025 2607 1170 2673 instituta
1200 2612 1350 2676 dicuutur.

319 2712 478 2776 Occaaum
502 2710 667 2785 bellacum,
688 2711 757 2774 sive
778 2711 992 2794 vespertinum
1015 2720 1227 2794 apparentem
1248 2712 1349 2776 sabati

318 2813 472 2879 tuendum
498 2833 579 2884 esse,
602 2812 646 2874 ita
664 2822 700 2874 ut
718 2812 835 2875 festum
855 2811 1080 2886 celebraretur,
1100 2835 1201 2896 quum
1224 2816 1348 2899 primurn

318 2916 420 2982 Sirius
434 2916 465 2978 in
481 2913 564 2976 coelo
577 2935 731 2996 apparere
747 2913 895 2987 desierat,
910 2935 1018 2976 omnes
1029 2915 1191 2979 viderunt.
1226 2915 1349 2982 Occium

317 3020 400 3082 enim
416 3017 527 3080 sideris
540 3017 587 3079 vis
599 3016 775 3098 perniciosa
790 3016 821 3077 iu
836 3017 945 3099 fruges
961 3015 1172 3090 tribuebatur;
1194 3019 1259 3082 vid.
1276 3018 1348 3081 Plin.

316 3122 405 3184 xviii.
417 3120 470 3184 29.
494 3119 548 3181 Ad
561 3118 688 3181 Patavii
700 3117 763 3181 tab.
776 3118 893 3181 occidit
909 3117 1030 3181 heliaee
1044 3118 1141 3180 Taur.
1157 3121 1204 3182 5⁰.
1220 3119 1346 3183 31=28

317 3225 349 3287 d.
367 3224 469 3306 April.
486 3243 557 3284 cum
577 3243 640 3303 quo
658 3221 807 3282 convenit
823 3220 904 3283 Plin.
951 3220 1127 3282 Columella
1145 3223 1279 3306 adponit
1292 3221 1346 3284 diei

315 3324 369 3389 30.
387 3324 441 3387 Pr.
455 3322 531 3386 Kal.
547 3322 648 3384 Maias
660 3320 756 3385 Canis
772 3343 807 3383 se
823 3343 956 3403 vespere
971 3322 1069 3396 celat;
1084 3322 1222 3408 etVirg.
1236 3324 1345 3406 Georg.

315 3424 336 3488 i.
352 3424 427 3489 217.
444 3426 529 3489 canis
550 3445 696 3486 occasum
716 3445 786 3485 cum
805 3423 879 3485 solis
894 3424 1025 3486 transitu
1042 3425 1073 3486 in
1089 3424 1245 3500 Taurum,
1261 3445 1345 3509 quem

316 3526 413 3589 Ovid.
429 3529 523 3589 etiam
540 3528 700 3609 tetigerat,
713 3524 838 3607 jungit:

464 3651 611 3710 Candidus
625 3651 730 3708 auratis
744 3651 835 3727 aperit
849 3671 937 3727 quum
951 3652 1080 3710 cornibus
1089 3672 1200 3711 annum

465 3746 587 3812 TauruS,
603 3756 631 3802 et
646 3744 762 3801 adverso
776 3743 878 3801 cedens
895 3744 1096 3802 Caniroccidit
1110 3758 1196 3805 astro.

315 3870 396 3935 cod.
423 3869 555 3931 Parnes.
581 3870 674 3931 lectio
693 3870 759 3952 jam
782 3870 937 3932 medelam
961 3871 1106 3934 adlatura
1128 3884 1216 3936 erat:
1243 3871 1346 3936 occidit

312 3982 407 4058 atque
422 3971 518 4034 cunio.
567 3971 670 4053 Neap.
686 3972 839 4055 conjecit:
857 3973 1052 4058 effugietque,
1066 3973 1119 4036 alii
1133 3976 1346 4060 occuliturqse.

314 4076 380 4139 Sed
405 4074 462 4136 hoc
487 4073 594 4135 vitium
619 4095 637 4134 a
659 4085 753 4156 poeta
774 4076 944 4138 admissum
968 4097 1049 4149 esse,
1072 4098 1262 4159 persuasum
1285 4075 1348 4140 mill
