2806 5018
176 349 243 415 464
469 339 688 408 P.OV1DII
712 338 925 406 NASONIS

177 520 349 614 Quaeque
366 514 438 588 sibi
454 514 556 588 vario
574 513 772 609 distinguit
787 536 900 612 poma
916 513 1060 598 colore,

227 633 367 706 Audiat
384 632 457 704 hoc
474 654 638 716 cerasus,
659 631 776 728 stipes
795 629 917 703 inanis
936 629 1023 702 erit.

177 749 265 823 Non
276 747 453 845 equidem
465 747 631 819 invideo:
652 747 836 843 numquid
847 757 977 819 tamen
987 745 1070 818 ulla
1087 743 1224 827 feritur,

227 862 321 946 Quae
340 862 475 935 sterilis
493 862 573 934 sola
588 860 857 959 conspicienda
873 883 986 933 coma
1002 859 1096 933 esti

177 977 334 1052 Gemite
352 977 518 1050 sinceros
536 1000 668 1051 omnes
686 1001 734 1051 ex
752 977 882 1050 ordine
900 978 1092 1061 truncos,'
1181 975 1224 1045 35

227 1093 301 1177 Qui
319 1094 431 1167 modo
448 1094 513 1179 nil,
532 1117 650 1190 quare
667 1094 937 1192 percutiantur,
957 1092 1122 1165 habent.

175 1210 227 1282 At
244 1209 335 1281 mibi
354 1232 452 1282 saeva
469 1220 607 1281 nocent
624 1208 807 1282 mutilatis
824 1207 982 1280 vulnera
1000 1206 1143 1292 ramis;

227 1323 418 1421 Nudaque
435 1324 615 1421 decerpto
632 1324 772 1396 cortice
791 1322 895 1419 ligna
910 1332 1062 1420 patent.

177 1438 266 1511 Non·
283 1439 410 1511 odium
426 1438 518 1512 facit
535 1438 618 1525 hoc,
633 1439 700 1511 sed
715 1462 804 1536 spes
820 1438 977 1511 inducta
994 1436 1153 1535 rapiuae.

226 1552 446 1626 Sustineant
463 1553 545 1625 aliae
564 1576 696 1650 poma;
725 1563 931 1650 querentur
948 1552 1070 1626 idem.
1175 1553 1219 1620 40

176 1668 240 1741 Sic
258 1691 343 1740 reus
362 1667 423 1740 ille
441 1667 519 1740 fere
537 1679 607 1755 est,
623 1668 671 1740 de
689 1693 765 1765 quo
784 1668 939 1742 victoria
955 1668 1066 1740 lucro

228 1782 324 1856 Esse
341 1793 490 1881 potest:
520 1783 643 1881 inopis
660 1785 808 1859 vindice
825 1785 925 1858 sacta
941 1794 1093 1858 carent.

179 1897 243 1970 Sic
262 1897 370 1970 timet
387 1897 554 1984 insidias,
574 1900 639 1995 qui
659 1899 731 1972 scit
748 1924 789 1973 se
807 1898 903 1973 serre
919 1899 1058 1987 viator,

228 2012 338 2096 Quod
352 2012 503 2087 timeat:
533 2024 656 2087 tutum
674 2017 794 2114 carpit
812 2015 932 2088 inanis
952 2013 1051 2088 iter.-

178 2127 243 2202 Sic
262 2152 332 2225 ego
350 2130 430 2202 sola
446 2139 568 2226 petor,
587 2131 657 2203 soli
676 2130 765 2228 quia
782 2155 899 2204 causa
915 2129 1076 2229 petendi
1094 2137 1173 2202 est:

228 2242 439 2317 Frondibus
458 2242 608 2318 intactis
626 2258 753 2321 cetera
769 2246 879 2320 turba
895 2246 1032 2319 virent.
1177 2242 1220 2312 46

208 2407 249 2455 31.
270 2406 339 2453 Vario
358 2410 438 2456 colore.
474 2407 513 2456 sie
533 2413 602 2457 varia
623 2427 673 2458 aroc
755 2411 797 2459 4³.
818 2408 1035 2472 Quiseitscsm
1044 2404 1142 2469 oiston]
1161 2403 1221 2459 Μ

175 2479 240 2545 apud
258 2479 424 2528 Columellam.
459 2481 599 2546 Distinguit.
621 2482 672 2531 Ves-
723 2483 821 2545 timeat]
842 2484 894 2532 Aut
912 2481 1045 2546 legendum
1067 2489 1114 2537 est,
1139 2482 1178 2529 ssi
1195 2478 1222 2524 ti·

175 2556 330 2614 titsrropoma
341 2555 421 2607 colore,
432 2553 520 2601 lovan.
722 2567 789 2614 meat,
800 2559 907 2620 autquod
916 2555 1021 2620 positum
1030 2563 1124 2620 sstpro
1135 2566 1220 2618 quarn

205 2625 672 2691 85.Sioseros.]1destintegrosetillss·
722 2642 758 2689 nt,
779 2649 824 2680 oon
842 2640 874 2680 est
895 2632 954 2694 quod
971 2643 1070 2679 ωηατ.
1096 2628 1221 2676 Sumus·

174 2715 219 2748 sos
244 2698 519 2748 0vid.1v.Pont.i1.
540 2703 584 2750 10:
612 2704 673 2751 “Et
723 2704 870 2758 Maffiliber,
885 2703 1032 2750 Curtimeot.
1050 2702 1127 2750 Vere.

173 2788 228 2820 mea
236 2774 322 2820 sincero
332 2783 435 2821 curreret
445 2789 489 2820 are
499 2782 560 2821 rota.
573 2775 672 2824 Douza.
756 2779 795 2826 44.
804 2777 825 2824 T
823 2788 889 2824 atum
899 2779 973 2838 carpit
982 2779 1064 2823 inanis
1071 2774 1138 2836 itm]
1149 2774 1222 2822 lacsir

207 2848 248 2894 ³8.
270 2846 403 2909 Dempta]
429 2847 495 2896 Licet
513 2849 627 2897 nonnulla
643 2865 672 2898 ex
723 2851 806 2906 viator.
823 2850 865 2915 qui
883 2848 943 2897 nihil
962 2848 1008 2896 lert
1024 2863 1118 2903 secum,
1136 2846 1221 2896 nudes

173 2920 339 2986 manuscriptis
365 2921 541 2987 exemplaribus
569 2923 673 2972 habeant
722 2924 852 2972 latronibus
870 2923 1007 2987 impetatur.
1043 2922 1138 2970 Fodern
1157 2935 1219 2969 seusu

174 2997 361 3048 detectatmeu
376 2994 503 3058 legendum
521 2995 673 3054 omninoest,
722 3014 815 3053 onorio,
843 2996 907 3061 apud
934 2997 992 3045 Jur.
1016 2996 1067 3044 Sat.
1090 3011 1117 3043 x.
1136 3011 1160 3042 v.
1179 2994 1219 3041 22:

174 3075 202 3115 ut
217 3067 242 3114 in
261 3068 366 3131 pluribus
383 3067 557 3131 exemplaribus
575 3068 670 3132 legitur,
722 3077 739 3098 ⁰
752 3071 865 3119 Cantabit
879 3085 964 3116 uocum
977 3082 1061 3116 coram
1074 3066 1167 3117 latrone
1177 3065 1220 3113 ris·

174 3142 289 3202 decerpto.-
309 3139 372 3204 quod
384 3138 535 3204 participium
547 3149 601 3189 ante
616 3156 672 3190 ocu·
722 3144 783 3191 tor-¹*

174 3214 210 3262 los
229 3227 315 3277 ponere
328 3212 421 3261 videtur
433 3213 533 3260 vulnera
553 3212 602 3269 illo,
618 3230 671 3277 quaa
756 3219 795 3265 45.
807 3217 853 3263 Soli
863 3218 917 3279 quio
928 3215 1020 3277 esum]
1035 3215 1085 3263 Soli
1097 3217 1220 3263 ιιῶἰιιω

174 3286 261 3335 oortice
274 3286 335 3334 illiso
349 3296 374 3334 et
388 3285 671 3354 detractoasariscarp·
723 3291 825 3355 Neapol.
851 3293 904 3352 quia
921 3289 1023 3354 J'ruotus
1050 3306 1134 3344 musa,
1161 3289 1220 3336 alius.

175 3360 217 3408 tim
228 3359 359 3408 inferuntur
370 3360 498 3407 arboribus.
525 3360 598 3409 Mra
724 3365 821 3412 Petsndi
838 3361 931 3426 passive
946 3360 1024 3410 dixit:
1043 3377 1122 3411 causa
1138 3379 1179 3412 cur
1188 3377 1218 3423 pe·

208 3435 248 3482 41.
266 3434 390 3495 Stercus]
412 3434 451 3480 Fit
466 3450 519 3481 reus
530 3436 672 3498 illusorem
725 3446 769 3485 tar.
796 3437 873 3483 Erras.

176 3507 294 3557 Vaticano
304 3506 399 3569 legebat
413 3507 469 3554 olim
481 3507 601 3555 Heinsius.
633 3509 672 3556 Sic
756 3510 796 3556 47.
815 3508 876 3556 Nom
889 3510 948 3570 quod
965 3507 1050 3555 babent
1062 3509 1217 3572 sustract-

167 3583 250 3646 socsre
268 3595 333 3626 reum
351 3580 418 3627 Suet.
432 3580 487 3628 Tib.
505 3583 529 3628 8.
546 3589 570 3628 et
586 3581 672 3646 passim
723 3586 922 3646 quondoprorimo
929 3582 1029 3645 nostra]
1039 3583 1217 3647 Pronum

176 3654 225 3703 alii.
259 3651 295 3699 De
305 3670 347 3714 quo
357 3656 451 3700 uictoria
461 3656 532 3702 luero.
549 3655 578 3701 In
594 3656 673 3703 multis
724 3657 850 3720 legendum
864 3657 1080 3718 attiqmqumum
1093 3658 1217 3707 Morstioo-

174 3726 269 3790 legitur,
284 3728 380 3772 victorio
401 3728 541 3783 laetn,etiam
561 3728 586 3775 in
603 3730 673 3776 MSS.
723 3731 786 3779 dice.
814 3729 968 3778 Inveniensis
984 3746 1016 3779 ex
1035 3733 1133 3789 assub,
1147 3731 1216 3781 etl't·

176 3799 239 3848 unde
250 3799 353 3863 suspicor
364 3799 489 3849 lectionem
498 3802 527 3848 ab
537 3801 584 3848 alio
593 3818 673 3851 ernen-
723 3804 790 3852 bricii
800 3804 884 3858 codex.
892 3805 1007 3866 alioquin.
1037 3807 1074 3853 Η.

175 3872 272 3921 datam:
293 3873 342 3919 tuto
364 3881 453 3929 autem,
471 3872 572 3929 lucrosa,
589 3875 672 3923 trium·
757 3880 796 3926 48.
807 3878 943 3940 Frugmino,
954 3895 1014 3940 que,
1027 3881 1089 3935 less,
1099 3879 1159 3942 eto]
1176 3879 1216 3926 lla·

174 3947 222 4012 pho
232 3946 315 4009 digna.
343 3947 421 3995 Fran.
724 3967 774 3999 mos
790 3950 905 4015 intellige,
915 3952 957 4015 qui
968 3953 1036 4001 saxis
1050 3952 1217 4018 petiti,isilloe

208 4022 248 4068 42.
269 4018 346 4082 Inopir
367 4022 455 4068 vindice
474 4021 545 4084 sacta
571 4023 671 4086 eareat]
723 4041 752 4072 ex
770 4025 851 4072 arbore
862 4023 942 4072 vicina
957 4025 1142 4085 resultantibus,
1154 4026 1218 4091 frmi

175 4096 231 4144 Non
243 4101 279 4142 est
293 4093 333 4157 qui
344 4109 471 4157 pauperem
483 4096 513 4143 ab
523 4094 609 4160 injuria
621 4098 671 4146 vin·
722 4097 785 4146 circa
798 4098 889 4147 Nucem
900 4099 977 4164 ipsam
985 4100 1084 4165 jacent.

174 4170 246 4225 dicet,
257 4176 358 4216 tueatur.
