2806 5018
170 346 236 410 tuo
395 344 464 410 An
487 341 663 409 lelnu
686 340 964 409 AUGUS'FAM

177 516 260 592 Nec
279 517 347 590 tibi
365 516 512 590 deletos
530 515 668 614 poterit
685 538 835 589 narrare
855 513 1107 596 Sicambros,

227 632 393 705 Ensibus
411 645 451 706 et
470 634 615 705 Suevos
633 647 741 728 terga
757 630 913 706 dedisse
931 628 1034 702 suis.

175 746 435 845 Fluminaque,
447 759 487 820 et
499 759 659 834 montes,
670 759 710 821 et
723 745 877 821 nomina
889 767 1039 841 magna
1049 743 1223 825 locorum

223 861 274 935 Et
292 863 322 934 si
341 863 433 960 quid
452 863 533 935 miri
552 863 646 935 vidit
664 863 702 934 in
720 863 810 936 orbe
830 884 940 935 novo.

174 975 347 1073 Frigidus
364 979 428 1053 ille
447 978 527 1064 tibi,
547 1000 762 1074 corpusque
781 975 942 1050 refertur
963 975 1113 1060 inane;
1164 972 1224 1051 tlt

226 1092 427 1189 Quemque
445 1103 592 1192 premat
609 1092 691 1165 sine
709 1106 759 1177 te,
779 1090 964 1165 sternitur
984 1113 1086 1164 ecce
1103 1101 1209 1162 torus

173 1206 259 1290 Quo
277 1207 433 1304 raperis,
453 1208 591 1282 laniata
608 1230 749 1291 comas,
770 1205 989 1301 similisque
1008 1203 1178 1278 furenti?

226 1320 311 1404 Quo
331 1322 433 1395 ruis?
461 1324 621 1396 attonita
638 1321 731 1416 quid
750 1320 849 1417 petis
866 1343 934 1393 ora
954 1320 1107 1395 manu?

183 1435 267 1510 Hoc
281 1436 352 1509 fuit
364 1437 643 1522 Andromache,
657 1460 774 1533 quum
787 1437 842 1510 vir
855 1433 1048 1530 religatus
1062 1435 1115 1510 ad
1128 1456 1223 1509 axem

225 1550 374 1625 Terruit
392 1551 576 1626 admissos
595 1550 903 1647 sanguinolentus
921 1574 1068 1648 equos.
1164 1552 1226 1622 320

178 1663 262 1738 Hoc
280 1664 350 1737 fnit
368 1665 537 1753 Euadne,
558 1679 648 1739 tunc
668 1690 784 1763 quum
803 1665 977 1741 ferienda
995 1665 1170 1741 coruscis

228 1779 462 1855 Fulminibus
482 1782 686 1878 Capaneus
704 1781 896 1879 impavida
910 1805 983 1854 ora
999 1781 1128 1855 dedit.

176 1895 277 1979 Quid
288 1909 446 1970 mortem
457 1897 524 1969 tibi
540 1911 674 1973 moesta
688 1921 812 1995 rogas3
834 1897 1103 1994 amplexaque
1116 1908 1225 1976 natos,

228 2013 390 2110 Pignora
406 2016 453 2087 de
473 2015 598 2088 Druso
616 2015 697 2088 sola
714 2015 846 2089 relicta
862 2013 1003 2085 tenes?

179 2127 231 2201 Et
247 2130 359 2203 ruodo
378 2155 444 2227 per
462 2155 613 2203 somnos
631 2129 783 2225 agitaris
801 2127 966 2223 imagine
981 2127 1097 2214 salsa,
1165 2127 1228 2199 325

230 2243 362 2341 Teque
382 2258 446 2319 tuo
465 2245 632 2318 Drusum
650 2245 773 2318 credis
791 2244 931 2317 habere
951 2244 1042 2317 sinu
1058 2245 1074 2316 t

209 2539 264 2585 311.
285 2539 331 2585 rl'er
343 2540 383 2583 tibi
396 2540 478 2584 deletor
489 2543 569 2598 poterit
582 2556 678 2586 narrare
761 2538 899 2587 unt-322.
918 2534 972 2585 Huc
982 2537 1044 2600 juit
1062 2533 1228 2595 Bedente-1

177 2613 308 2665 Sicambros,
324 2612 385 2672 etc]
422 2619 436 2637 ¹¹
450 2612 509 2657 lude
524 2611 678 2659 validissimas
728 2611 780 2660 'lali
801 2625 897 2674 quoqne
917 2609 999 2659 lurore
1027 2612 1125 2676 agitate
1145 2607 1228 2659 ursus·

177 2685 290 2736 nationes,
303 2683 441 2737 Cheruscos,
453 2686 542 2730 Sueuos
553 2693 577 2730 et
588 2683 676 2732 Sicam-
729 2684 833 2749 Capanei
850 2699 917 2737 uror,
930 2683 1088 2749 precipitem
1105 2701 1131 2733 se
1146 2684 1226 2732 intuo

175 2757 514 2822 brospariteraggressnsest:
534 2756 677 2820 qui‚viginti
724 2759 789 2823 jugis
806 2773 886 2821 rogum
906 2756 1016 2805 immisit.
1053 2756 1227 2812 Statiuslbeb

176 2830 352 2880 centurionibus
377 2832 520 2885 incrematis,
542 2832 585 2878 boc
613 2832 677 2879 velut
728 2832 766 2878 xii.
778 2832 835 2878 ⁸00.
868 2829 940 2878 uude
953 2830 1056 2887 meruit,
1069 2842 1097 2881 ut
1106 2832 1136 2879 dc
1147 2831 1224 2878 iures

174 2917 321 2954 sacramento
345 2915 477 2953 sumserunt
496 2906 592 2960 bellum,
615 2906 675 2953 adeo
728 2915 793 2953 neret
809 2906 914 2970 Propert.
925 2903 943 2950 i.
956 2905 1027 2968 Elcg
1044 2923 1087 2954 xv.
1097 2908 1145 2954 212
1163 2904 1225 2951 '‘Ot-

176 2991 241 3028 certa
251 2978 355 3025 victorie
372 2995 421 3043 spe,
435 2989 460 3026 ut
473 2978 575 3041 praedam
594 2980 616 3025 in
635 2995 674 3026 au·
726 2978 784 3027 cidit
793 2979 961 3042 Argivaelama
972 2979 1226 3043 pudicitiae.''-Quu

175 3064 291 3101 tecessum
313 3052 421 3115 pactione
446 3051 584 3099 diviserint:
614 3052 676 3100 Che·
719 3053 938 3116 feriendocorurcir
957 3051 1112 3101 Fulminibus
1122 3053 1226 3114 equum

176 3126 238 3173 rusci
258 3142 339 3189 equos,
356 3127 427 3172 Suevi
447 3141 529 3171 aurnrn
549 3136 573 3170 et
595 3141 676 3189 argen·
728 3127 840 3188 impauida
859 3142 898 3171 oro
915 3126 992 3172 dedit.
1031 3127 1125 3174 Merito
1146 3124 1223 3185 tapes*

178 3210 244 3258 tum,
269 3199 385 3248 Sicambri
412 3200 518 3262 captivos
543 3199 676 3264 elegeraut2
728 3202 780 3247 dnm
792 3198 859 3248 dicit.
872 3197 912 3261 qui
924 3197 960 3244 sic
973 3199 1057 3262 ipsum
1067 3201 1153 3248 Jorern
1163 3197 1225 3244 inere·

176 3273 219 3322 sed
240 3274 320 3320 omnia
344 3281 475 3321 retrorsum.
508 3273 590 3319 l'ictor
612 3288 677 3319 uam·
728 3282 814 3338 passer,
833 3270 909 3319 Tbeb.
931 3270 977 3319 lib.
999 3288 1025 3318 x.
1050 3273 1117 3322 899:
1141 3271 1225 3319 “Nm

177 3363 223 3412 qne
246 3347 338 3395 Drusus
357 3344 457 3410 cqu0s‚’'
473 3356 519 3394 etc.
554 3346 614 3393 Flor.
634 3345 674 3392 lib.
726 3360 851 3410 egenum
864 3344 918 3392 totis
932 3343 958 3391 in
972 3361 1011 3394 me
1029 3344 1224 3395 consistente*

175 3421 208 3467 iu.
224 3422 260 3467 12.
726 3419 777 3474 mis,
787 3417 895 3483 Jupiter!
914 3432 947 3464 an
964 3418 1073 3482 pavidus
1090 3420 1175 3468 tonitru
1186 3426 1224 3464 uu·

207 3495 264 3541 ult.
283 3494 312 3540 Et
329 3496 348 3539 sl
364 3496 418 3554 quid
435 3494 487 3538 miri
505 3494 562 3539 vidit
583 3494 606 3537 ln
625 3493 676 3538 orbe
726 3493 780 3540 bare
798 3491 891 3556 puellas
908 3490 1010 3546 Fortior,
1026 3502 1054 3540 ct
1073 3492 1147 3542 soceri
1163 3503 1226 3539 tunes

174 3567 253 3628 nonu]
290 3567 344 3614 Non
360 3567 393 3613 ita
411 3582 479 3614 noorrr
489 3564 605 3612 Romanis
618 3566 676 3613 orbis
726 3562 861 3613 exscindere
878 3563 966 3611 Cadmi
976 3564 1168 3619 l'·'—-Ferr'errda.
1184 3561 1223 3610 P·-

176 3639 225 3695 illc,
237 3655 307 3702 quem
321 3641 371 3703 jam
387 3640 468 3688 Caesar
481 3637 557 3686 obiter
570 3637 675 3703 descrip-
727 3646 761 3686 tat
778 3637 860 3686 Heius.
869 3637 1009 3700 striarum
1030 3639 1069 3688 sic
1086 3642 1190 3702 potiunda
1204 3644 1223 3682 tt

173 3722 245 3768 serat,
256 3713 286 3761 de
304 3715 365 3762 Bell.
377 3713 442 3762 Gall.
454 3713 485 3761 vi.
496 3715 525 3760 21
543 3729 596 3777 sqq.
630 3713 675 3760 Fu·
726 3711 811 3759 similia
820 3709 884 3775 apud
895 3709 1025 3760 Ovidium.

174 3785 222 3833 sius
233 3785 319 3834 deiude
334 3798 357 3834 et
369 3787 512 3842 accuratius,
525 3797 551 3833 nt
561 3802 605 3850 par
615 3795 674 3845 crat,
757 3788 813 3834 3‘25.
831 3787 933 3849 Agiturr's
952 3788 1059 3850 imagine
1068 3786 1158 3851 fibo]
1174 3783 1222 3830 Tur·

173 3858 279 3911 Tacitus.
301 3860 324 3906 in
352 3860 439 3906 eximio
466 3859 507 3906 rllo
529 3862 556 3906 rte
579 3861 675 3906 moribus
725 3858 787 3907 buris
803 3873 844 3922 per
861 3873 957 3906 somnos
973 3869 999 3906 et
1016 3860 1160 3924 inquietaris
1174 3862 1219 3904 ine

176 3934 303 3981 Ger-ruanis
313 3933 435 3997 opusculo.
722 3936 785 3997 gine,
794 3949 847 3997 quar
859 3942 926 3981 tuum
938 3949 1047 3982 amorem
1059 3935 1133 3991 ludit,
1140 3936 1221 3981 imm

205 4007 261 4052 3¹20.
281 4005 374 4052 Terruit
392 4008 495 4053 adorietur
512 4008 673 4070 sorrguiuolen-
723 4006 766 4054 tibi
788 4006 891 4053 Drusum
918 4006 1032 4062 offerens,
1056 4024 1129 4072 quem
1150 4007 1221 4054 num

173 4091 209 4126 tos
228 4079 314 4142 equos]
350 4078 410 4126 l'ide
428 4096 480 4142 quar
500 4080 671 4137 adnotavimus,
724 4079 810 4142 queris
821 4083 844 4124 in
857 4083 923 4126 nocui
934 4095 1003 4139 porte
1013 4083 1071 4128 tori.

172 4153 201 4199 ad
215 4170 275 4200 rurs.
288 4155 326 4201 36.
338 4153 412 4216 Epist.
424 4153 492 4215 prim.
