2806 5018
365 366 420 431 ru
444 352 604 436 ovrnn
628 364 815 433 nsanos
1046 368 1111 435 401

58 536 208 610 inditum,
221 539 307 622 qnod
323 539 497 605 semihomo
513 540 686 623 explicant,
699 539 807 605 nescio
819 559 883 622 quo
890 537 965 621 jure'
976 538 1108 624 fatoque

57 639 91 702 iu
113 638 201 703 libris
221 638 445 725 antiquitatem
472 641 716 725 explicantibus,
740 642 782 707 nd
804 661 914 706 omues
936 640 1055 708 heroas¹
1070 650 1108 708 ot

58 740 218 806 semideos
239 743 382 818 trannin
407 764 501 830 aque
523 743 702 808 mirandum
725 763 777 807 me
797 743 920 827 judice,
945 764 983 807 ao
1010 744 1108 809 sidi-

56 842 212 908 visiouem
226 844 310 909 illam
324 845 356 908 iu
369 845 447 910 deos
458 845 613 929 majorum
625 853 660 909 et
671 845 825 909 minorum
838 846 993 930 gentium,
1006 867 1103 930 quam

56 943 128 1009 iere
146 946 258 1029 jocose
282 948 351 1013 Cio.
375 947 472 1017 lure.
494 949 516 1011 i.
540 947 593 1012 13.
614 970 634 1010 a
656 956 770 1012 senatu
793 947 940 1014 Romano
962 949 1003 1012 ad
1026 950 1108 1015 deos

57 1047 209 1112 transfert
225 1050 314 1132 (alibi
334 1050 431 1115 etiam
450 1052 491 1114 ad
513 1050 650 1125 Stoicos,
669 1049 774 1117 Acad.
796 1050 839 1114 iv.
855 1051 924 1130 41.)
942 1059 1107 1135 nmquam

58 1148 171 1231 priscis
186 1152 358 1217 solemnem
374 1152 406 1216 in
422 1152 507 1216 libris
522 1152 743 1238 mythologicis
758 1153 842 1216 sario
856 1153 1003 1236 adoptari
1014 1154 1106 1220 vide·¹

58 1273 148 1328 mus3
171 1274 268 1337 quum
286 1254 421 1330 Stoicos,
437 1257 469 1319 in
483 1277 562 1339 quoa
578 1256 723 1320 eamdem
740 1255 927 1324 divisionem
942 1255 1107 1330 uomitu.

58 1354 91 1418 iu
103 1355 259 1439 majorum
272 1366 307 1421 et
321 1357 475 1422 minorum
490 1357 633 1441 gentium
648 1357 774 1422 Stoicos
790 1357 872 1423 serio
883 1356 1108 1433 dividerem

58 1455 155 1522 facile
177 1459 229 1522 cui
250 1459 281 1524 iu
304 1468 444 1524 mentem
471 1459 590 1523 veniat.
636 1458 726 1526 Citra
748 1459 880 1524 dubium
906 1459 947 1526 ab
967 1459 1108 1543 ,antiqua

57 1560 226 1644 scriptura,
255 1562 305 1626 vel
334 1584 353 1625 e
376 1561 482 1627 Fastis
506 1561 611 1624 Proen.
635 1570 711 1627 uota
734 1561 758 1643 (i
783 1582 843 1644 pro
864 1583 895 1635 e,
918 1560 1024 1631 vinti
1039 1582 1105 1644 nro.

57 1659 206 1743 Venere)
228 1663 408 1747 prffcctnm
434 1674 496 1738 est,
516 1664 543 1727 si
563 1663 789 1739 Tertullianus,
806 1666 861 1749 qui
880 1665 1105 1740 Simoni-:Deo

57 1764 179 1828 Sancto
194 1765 312 1849 templo
330 1766 515 1849 inscriptum
534 1767 669 1850 legeret,
683 1767 845 1831 Simonem
860 1779 988 1852 magum
1009 1765 1101 1846 (Aet.

56 1865 123 1931 viii.
137 1865 205 1943 18.)
219 1867 334 1933 Romae
350 1869 469 1932 uultum
484 1869 543 1937 sibi
558 1868 1006 1951 deprehendisse‘videbatun
1026 1869 1101 1935 tide

34 2025 37 2034 .
57 1966 93 2030 N
96 1989 168 2051 eap.
186 1970 227 2032 ad
243 1971 284 2033 vi.
300 1969 375 2034 213.

101 2069 157 2134 Ad
173 2072 321 2135 eumdem
336 2071 487 2156 populum
506 2072 645 2155 pertinet
661 2070 723 2141 dea
740 2073 887 2154 quiedam
904 2071 1030 2146 bellica,
1043 2093 1102 2155 pro

55 2191 160 2235 uxore
178 2171 291 2236 Martis
310 2172 354 2236 ibi
375 2173 492 2247 babila,
513 2173 659 2249 Neriene,
680 2172 793 2248 Nerio,
813 2173 915 2239 Neria
937 2178 987 2252 (ut
1003 2173 1099 2248 Anio,

55 2271 182 2354 Anien)
195 2296 289 2358 qnam
304 2277 399 2338 docta
413 2275 629 2358 disputatione
644 2298 686 2339 ex
702 2275 807 2349 Ennii,
823 2274 936 2339 Licinii
951 2275 1099 2339 aliorum·

55 2395 123 2456 qne
139 2375 375 2443 looievindicat
395 2374 481 2440 Geli.
501 2376 568 2439 xiii.
588 2377 649 2450 223
672 2377 714 2442 cf.
731 2398 812 2442 vcra.
832 2376 986 2443 Varronis
1002 2397 1099 2461 supra

56 2474 100 2540 de
131 2475 288 2543 Perenna.
339 2477 501 2544 Virtutem
531 2488 566 2540 et
593 2478 812 2544 fortitudinem
843 2479 914 2562 ipsa
939 2480 987 2544 vis
1013 2481 1104 2545 vocis

55 2576 172 2654 innuit,
189 2600 263 2662 quae
281 2580 313 2646 iu
333 2601 511 2664 cognomen
529 2579 747 2654 Claudiorum,
765 2580 892 2645 Sabinae
912 2582 1028 2665 gentis,
1044 2586 1104 2667 qui

58 2703 80 2749 a
102 2681 288 2747 fortitudine
310 2681 460 2746 Nerones
483 2681 735 2765 appellabantur,
757 2683 898 2758 mansiit3
922 2684 996 2747 vide
1017 2683 1104 2753 Sue-2

56 2784 190 2857 mnium.
208 2784 317 2849 Tibur.
336 2783 375 2847 l:
399 2785 487 2849 Nero
509 2785 618 2869 litaque
636 2784 756 2848 Sabina
766 2785 872 2869 sortis
890 2794 921 2847 et
941 2794 1099 2850 strennua.

58 2888 90 2957 E
111 2887 213 2972 Lydo,
228 2909 260 2972 p.
280 2886 334 2951 85.
355 2887 501 2951 eamdem
524 2885 638 2952 Βοωω
660 2909 732 2952 cum
750 2886 857 2950 Marte
874 2887 986 2953 marito
1000 2887 1101 2951 Tubi-

55 2989 160 3057 lustrii
174 2989 227 3055 die
242 2989 359 3053 cultam
374 3009 446 3052 esse
463 2987 694 3072 cognoscimus,
710 2987 763 3050 ubi
780 2988 925 3051 eamdem
943 2988 1098 3070 iuterpre-

57 3093 211 3158 tationem
226 3090 346 3174 adjicit.

101 3191 141 3258 In
156 3191 408 3266 Tusculanorum
428 3189 632 3274 religionibus
650 3190 832 3256 domesticis
852 3190 1013 3274 precipue
1032 3189 1100 3253 lau·

55 3295 153 3363 datur
166 3293 259 3364 Matio
269 3279 404 3378 (magna
422 3294 508 3368 Dea)
523 3314 601 3376 quae.
611 3292 755 3356 tellurem
772 3291 894 3356 referre
910 3293 1047 3365 videtur,
1064 3300 1099 3360 at

56 3395 197 3461 Vulcani
219 3417 301 3463 uxor
322 3395 447 3458 dicitur.
493 3395 592 3463 Forte
619 3404 653 3457 et
680 3393 797 3467 Maius,
816 3394 848 3458 id
873 3402 933 3468 est,
956 3413 1099 3459 summus

54 3498 148 3572 deut.
167 3496 306 3562 Vulcani
329 3519 444 3561 nomen
469 3497 553 3581 apud
576 3497 706 3560 Tuscul.
729 3496 800 3570 suit,
824 3496 885 3560 etsi
908 3495 1100 3579 plerumque

56 3598 182 3667 Maium
195 3599 236 3667 ad
247 3599 270 3665 J
272 3619 365 3663 ovem
380 3599 534 3665 raserunt.
558 3596 760 3662 Vindicanda
775 3596 837 3660 erit
852 3597 965 3688 eadem
978 3594 1097 3672 Gellio,

53 3699 124 3769 xiii.
140 3699 195 3769 22.
210 3700 264 3764 ubi
280 3700 369 3765 Naiu
385 3699 513 3766 Volcani
528 3700 613 3783 apud
630 3698 772 3764 Gronov.
788 3719 955 3782 perperam
969 3698 1101 3781 legitur.¹

54 3802 111 3866 Ab
130 3802 283 3866 alterutro
303 3812 410 3866 autem
431 3802 553 3865 Maium
575 3824 716 3866 mensem
737 3823 852 3865 nomeu
872 3801 989 3865 bebere
1008 3802 1099 3864 adse-

53 3914 131 3967 runt
151 3913 298 3967 auctorcs
318 3905 405 3986 apud
425 3902 570 3967 ‘Macrob
592 3902 678 3985 qnod
698 3904 738 3966 nd
760 3903 1011 3986 probabilitatem
1033 3923 1097 3964 om-

53 4007 143 4069 nium
169 4007 313 4090 proxime
341 4007 475 4080 accedit,
499 4014 532 4068 et
557 4004 684 4088 plurimi
708 4005 829 4068 Bonam
859 4005 973 4079 Deam,
998 4004 1050 4066 die
1077 4003 1097 4065 1

55 4108 138 4172 Maii
153 4109 214 4172 coli
227 4108 364 4184 solitam,
379 4110 419 4172 ad
434 4110 514 4172 hanc
528 4108 647 4172 Maiam
663 4107 814 4172 referunt.
853 4106 951 4171 Forte
965 4105 1096 4177 Faunae,

102 4227 189 4273 von.
207 4228 242 4273 v.
783 4209 805 4269 3
822 4226 840 4270 n
