2806 5018
325 353 392 417 Q
618 353 658 418 P.
681 353 842 419 ovlnu
867 354 1080 420 NASONIS

325 524 454 597 Vacca
465 525 526 611 sit,
539 550 587 598 an
599 538 742 612 taurus,
756 551 830 600 non
844 538 903 601 est
914 551 1142 624 cognoscere
1155 537 1351 624 promtum:

374 638 468 712 Pars
487 641 586 738 prior
603 654 780 740 apparet:
810 642 1015 739 posteriora
1031 643 1164 715 latent.

325 754 402 827 Seu
422 766 549 829 tamen
566 772 626 830 est
641 768 784 842 taurus,
796 757 875 830 sive
893 768 952 829 est
968 757 1039 830 hoc
1052 755 1194 829 femina
1207 756 1353 853 signnm,

372 868 396 941 J
399 894 521 944 unone
539 872 653 944 insita
670 895 807 943 munus
825 871 962 943 amoris
979 872 1107 944 habet.
1295 875 1354 943 720

322 982 416 1057 Nox
434 986 538 1072 abiit,
557 988 748 1083 oriturque
763 987 931 1059 Aurora:
959 986 1095 1060 Palilia
1108 1011 1260 1084 poscor.

373 1099 409 1171 N
411 1125 460 1173 on
479 1126 612 1199 poscor
629 1101 777 1186 frustra,
797 1101 829 1173 si
847 1100 946 1174 lavet
963 1102 1063 1175 alma
1077 1100 1216 1190 Pales;

322 1214 433 1288 Alma
451 1215 577 1303 Pales,
597 1216 722 1291 sareas
740 1218 904 1314 pastoria
921 1241 1027 1290 sacra
1044 1217 1210 1301 canenti,

371 1330 586 1430 Prosequor
602 1335 722 1406 officio
740 1333 772 1405 si
790 1345 855 1406 tua
872 1333 968 1406 festa
986 1333 1060 1429 pio.

321 1447 436 1519 Certe
454 1471 524 1542 ego
542 1448 590 1519 de
608 1449 723 1520 vitulo
741 1449 917 1533 cinerem,
937 1447 1173 1543 stipulasque
1192 1444 1340 1527 sabales,

371 1561 482 1659 Saepe
500 1563 568 1634 tuli
587 1564 710 1658 plena,
729 1564 860 1638 februa
876 1576 993 1648 easta,
1013 1585 1139 1635 manu.
1293 1561 1352 1633 726

351 1744 410 1792 717.
424 1744 495 1792 Tauri
506 1744 609 1809 signum,
620 1757 647 1794 ut
658 1746 736 1804 bodie,
747 1748 816 1796 itaet
865 1761 984 1795 sacrorum
995 1744 1058 1804 (sire
1073 1754 1129 1793 ante
1143 1745 1199 1810 jam
1210 1753 1354 1809 receptum.

318 1815 374 1864 olim
385 1816 420 1865 sic
432 1817 580 1882 pingebatur,
590 1829 615 1867 ut
625 1819 713 1883 priores
723 1830 815 1868 tantum
864 1820 914 1868 sive
932 1829 989 1868 tnnc
1004 1818 1105 1884 primurn
1124 1818 1300 1877 institutorum)
1315 1814 1354 1869 de.

318 1890 370 1955 ejus
379 1899 458 1955 partes
468 1906 583 1956 expresse
594 1904 743 1958 apparerent.
766 1895 814 1943 Pn-
865 1893 983 1941 Romulus
995 1891 1047 1939 urbi
1062 1890 1196 1939 candentiae
1210 1905 1306 1938 manain
1320 1888 1353 1936 ad·

318 1964 402 2012 tabant
422 1973 512 2013 veteres
539 1964 582 2014 boc
607 1966 660 2016 ideo
681 1967 741 2024 fieri,
759 1968 816 2032 quia
864 1966 947 2013 movit.
982 1965 1012 2012 ld
1026 1964 1112 2013 diserte
1127 1961 1354 2026 tradnntDionyrins

316 2052 388 2087 sexus
398 2038 450 2103 ejus
458 2039 562 2087 incertus
573 2048 644 2095 esset,
651 2056 726 2104 quum
736 2040 776 2088 alii
787 2041 815 2088 Io
865 2040 988 2089 Halicarn.
999 2038 1015 2088 i.
1023 2040 1055 2087 88
1061 2056 1069 2098 ;
1079 2037 1232 2094 Plutarchus,
1244 2037 1314 2086 Rom.
1323 2036 1353 2082 lb

316 2126 424 2168 vaccam,
437 2111 477 2160 alii
491 2121 593 2168 taurum,
604 2112 646 2176 qui
657 2114 774 2176 Europam
790 2114 814 2161 in
864 2112 911 2160 Hic
928 2112 1008 2177 itaque
1023 2111 1083 2167 dies,
1094 2111 1212 2159 Romanis
1225 2110 1296 2158 simul
1311 2107 1352 2156 Ns-

317 2183 413 2232 Cretam
429 2185 592 2242 transvexerit,
611 2187 672 2233 inter
685 2185 763 2233 sidera
779 2201 815 2234 re-
864 2185 919 2234 talis
929 2186 1020 2251 patrie,
1031 2184 1160 2249 γενέθλιον
1174 2188 1222 2244 τῆς
1235 2180 1353 2247 πατρίδος.

316 2257 391 2306 latum
400 2259 575 2308 existimarent:
594 2258 751 2315 Eratosthius,
760 2275 814 2323 cap.
863 2276 956 2309 summa
974 2261 1086 2323 religione
1107 2258 1239 2323 letitiaqne
1256 2257 1353 2306 celebri·

319 2331 358 2378 la.
366 2351 373 2392 ;
389 2332 479 2397 Hygia
493 2333 560 2382 Poet.
574 2333 638 2380 elstr.
649 2331 727 2380 ii.21.
760 2332 813 2379 lloc
863 2335 942 2382 batur.
977 2335 1032 2381 Non
1048 2334 1134 2380 mirum
1147 2331 1221 2396 igitur
1231 2330 1305 2380 videri
1318 2328 1352 2376 de-

315 2405 386 2469 igitur
396 2415 421 2454 et
431 2406 532 2456 Ovidius
547 2417 643 2456 secutus
658 2414 694 2454 est
705 2415 753 2452 tam
765 2405 812 2461 hic,
862 2408 911 2463 bet,
929 2407 1042 2455 Ovidium
1060 2407 1085 2455 in
1104 2405 1142 2453 bis
1157 2404 1233 2453 sacris
1249 2400 1353 2452 mend&

316 2495 389 2543 quarn
405 2497 430 2527 v.
453 2482 500 2530 619
520 2498 558 2546 sq.
578 2482 619 2528 ubi
640 2480 710 2544 hujus
730 2477 813 2526 sideris
860 2481 1094 2544 esseutislongum.

314 2554 379 2618 origo
391 2566 510 2615 narratur;
527 2565 653 2619 utrumque
670 2563 749 2601 autem
761 2553 811 2599 ani·
893 2555 950 2603 721.
969 2554 1059 2609 Poscor,
1069 2554 1127 2600 ordo
1143 2567 1222 2600 rerum
1237 2552 1307 2615 jubet
1320 2561 1351 2595 ne

314 2628 361 2676 mal
372 2638 396 2677 et
406 2631 421 2679 J
424 2629 474 2678 ovis
483 2633 554 2677 amori
565 2627 712 2682 inservierat,
725 2635 749 2674 et
759 2643 811 2672 mu·
861 2627 949 2676 Palilia
960 2643 1055 2675 canere.
1074 2627 1140 2674 Porci
1147 2625 1246 2673 verbnm
1256 2624 1351 2673 „tenne

313 2706 375 2751 neris
394 2719 475 2760 causa,
493 2704 585 2751 Jrruons
603 2705 686 2755 insitu,
706 2700 731 2747 in
748 2698 811 2748 coelo
861 2701 891 2749 de
902 2701 986 2765 iis,qui
998 2716 1082 2748 canere
1091 2707 1133 2747 aut
1144 2697 1224 2746 dicere
1233 2698 1351 2761 jubentur5

314 2775 455 2823 collocatum
467 2776 514 2824 dici
526 2785 625 2840 poterat.

347 2850 482 2897 721-806.
498 2850 544 2896 Xl.
558 2848 612 2895 Kal.
625 2848 701 2894 Maias
715 2846 810 2893 Palilia.

313 2921 389 2979 Putes,
410 2924 464 2971 Dea
491 2921 654 2986 antiquissima
682 2928 810 2984 pastorum,

313 3012 456 3061 quamquam
469 2996 575 3045 nonnulli
587 2993 711 3042 masculini
720 2993 812 3056 generis

312 3070 444 3118 ministrum
461 3070 528 3119 Jovis
544 3083 572 3116 ac
584 3067 689 3114 villicum
708 3066 808 3127 intelligi

313 3144 449 3202 malebant3
461 3142 579 3191 Arnobius
590 3141 645 3188 adv.
657 3140 755 3193 Gentes,
767 3139 809 3187 lib.

311 3216 345 3264 iii.
356 3234 380 3281 p.
390 3219 435 3265 12³
445 3235 451 3276 ;
462 3217 557 3265 Servius
567 3216 597 3264 ad
610 3213 745 3278 Virgilium,
756 3213 808 3260 Ecl.

311 3307 334 3338 ν.
356 3292 396 3340 35.
431 3291 489 3354 Ejus
507 3307 573 3338 sacra
593 3299 617 3337 et
635 3289 722 3335 Palilia
743 3286 808 3334 dice·

310 3363 406 3418 bantur,
424 3371 448 3410 et
467 3363 560 3410 Parilia
578 3362 615 3408 vel
631 3377 645 3408 a
661 3371 728 3425 partu
748 3360 807 3414 Itiae,

311 3435 350 3483 vel
361 3435 424 3498 quod
434 3450 463 3482 eo
474 3443 577 3498 tempore
592 3435 684 3480 arbores
695 3444 718 3481 et
730 3433 807 3480 herbar

310 3508 451 3572 parturiunt,
471 3506 622 3570 pariuntque,
647 3506 682 3552 vel
705 3506 807 3569 denique

310 3579 515 3644 permutationem
527 3579 655 3626 literarum.
674 3579 732 3626 Vid.
744 3581 807 3627 Cha·

312 3653 389 3707 risius,
399 3653 441 3700 lib.
450 3652 481 3710 i.;
493 3652 609 3699 Victorin.
621 3652 644 3698 in
656 3654 713 3699 Arte
725 3653 807 3701 Grani.

310 3726 352 3773 lib.
364 3725 380 3772 i.
386 3743 394 3784 3
413 3724 503 3771 Probas
522 3725 552 3771 ad
565 3724 699 3788 Virgilium,
719 3727 807 3787 Georg.

308 3799 344 3847 iii.
366 3801 402 3857 l.;
420 3813 518 3861 quorum
540 3800 611 3845 verba
634 3799 807 3846 Brouclrhusius

310 3872 341 3921 ad
367 3871 523 3934 Propertium,
545 3871 590 3919 lv.
612 3871 643 3918 iv.
665 3872 705 3919 71.
730 3871 806 3919 dedit.

862 2775 923 2821 Met.
934 2791 958 2821 v.
970 2775 1029 2821 333.
1047 2774 1165 2820 Poscimnr
1176 2773 1292 2827 daritim
1308 2768 1350 2815 llo-

861 2848 944 2902 ratius,
956 2849 977 2895 1.
988 2847 1036 2895 Od.
1047 2846 1120 2894 xxxii.
1133 2847 1153 2892 1.
1164 2845 1196 2892 ad
1207 2846 1291 2908 lyram,
1303 2843 1350 2889 Por

861 2925 951 2976 cimar,
976 2920 1030 2968 vide
1057 2919 1090 2967 ibi
1118 2918 1265 2966 Bentleium.
1306 2915 1350 2963 ll'rr

860 3012 936 3057 poscor
944 2995 1049 3058 frustra,
1059 2993 1157 3040 idoneus
1168 3008 1220 3040 sum
1232 2991 1262 3039 iis
1272 3004 1351 3038 canen

860 3069 905 3117 dis.
939 3070 984 3115 Pro
1001 3071 1100 3130 pastoria
1112 3066 1153 3113 alii
1164 3077 1300 3126 pastorum
1316 3062 1349 3110 Ti·

858 3143 946 3196 bullus,
968 3142 1033 3189 dicto
1052 3142 1113 3197 loco,
1132 3156 1183 3187 ver.
1205 3140 1253 3187 st:
1282 3145 1297 3165 ⁴¹
1309 3139 1350 3184 Sua

859 3216 918 3263 leste
929 3215 1014 3262 Palilia
1025 3223 1104 3278 pastor
1115 3212 1259 3261 Concinet.”
1286 3213 1350 3258 Porro

858 3289 926 3336 multi
938 3289 1036 3343 habent,
1048 3304 1166 3349 persequor
1174 3285 1257 3348 φάο.
1290 3286 1349 3341 Quo·

859 3363 921 3410 niam
933 3370 1011 3410 autem
1023 3361 1095 3423 officio
1106 3376 1169 3409 nunc
1180 3360 1251 3407 simul
1264 3356 1350 3406 honoris

857 3435 960 3483 habendi
977 3434 1039 3483 notio
1056 3435 1125 3488 inest,
1141 3441 1267 3496 propterea
1285 3444 1349 3492 protr-

857 3526 913 3571 quor
923 3507 1093 3572 preterendum
1105 3505 1207 3553 ridetur.

890 3583 946 3630 725.
965 3582 993 3628 ln
1011 3579 1188 3645 precationibus
1209 3588 1308 3631 veteres,
1328 3583 1351 3622 nt

856 3657 977 3703 flecterent
998 3653 1071 3708 Deos,
1093 3653 1190 3716 pietatis
1211 3667 1261 3700 suas
1289 3650 1350 3713 signa

856 3744 1038 3777 commemorare
1053 3727 1170 3782 solebant,
1182 3725 1246 3790 quod
1265 3741 1293 3772 er
1306 3725 1350 3770 llo·

857 3818 929 3858 mero,
945 3801 1072 3864 multisque
1090 3799 1204 3863 deinceps
1221 3799 1298 3863 poetis
1315 3813 1350 3845 no·

857 3884 907 3921 tum
918 3885 962 3922 est.
983 3875 1053 3921 b'unc
1062 3873 1158 3936 quidem
1167 3884 1240 3937 poeta
1250 3873 1351 3935 assigna

309 3943 382 4008 Apud
392 3943 514 4008 scriptores
523 3952 613 3991 veteres
624 3952 724 4007 utraque
735 3945 806 4008 scrip·
853 3948 938 4012 jactat,
949 3964 1001 4013 qum
1018 3946 1047 3995 ad
1064 3947 1115 3994 baec
1130 3947 1184 4010 ipsa
1201 3962 1270 3996 sacra
1284 3945 1352 4011 perti·

310 4027 363 4066 tura
377 4017 486 4065 occurrit.
519 4018 552 4065 At
568 4019 587 4066 si
601 4017 702 4066 Ovidius
714 4020 807 4066 Parilia
857 4032 922 4078 nent,
933 4032 957 4071 et
974 4022 998 4068 in
1015 4037 1067 4086 sqq.
1079 4030 1228 4085 repetuntur.
1259 4022 1354 4070 vocula

310 4092 422 4148 dedisset,
443 4091 493 4141 sine
514 4092 587 4142 dubio
606 4093 696 4157 aliquid
717 4093 747 4141 de
764 4093 808 4141 hoc
857 4097 877 4142 si
901 4095 1021 4144 varietatis
1047 4111 1119 4144 causa
1146 4111 1211 4143 nnnc
1236 4094 1355 4144 substituit

308 4176 387 4232 etymo
416 4165 554 4217 addidisset.
594 4169 679 4217 Eorum
705 4169 808 4234 ipsorum
858 4178 925 4217 certe.
959 4161 1356 4233 Decinereillorltulividesupra
