2806 5018
175 355 241 420 248
468 352 507 416 Ρ.
531 350 693 416 OVIDII
718 350 931 418 NASONIS

176 523 250 598 Hic
268 534 389 599 status
407 526 445 597 in
463 525 558 598 coelo
577 525 713 598 multos
732 522 941 622 permansit
957 524 997 596 in
1015 545 1145 612 anuos,

226 639 329 712 Dum
347 639 470 712 senior
485 639 572 711 fatis
589 639 733 712 excidit
750 662 836 712 arce
853 638 962 712 deus.

175 755 292 829 Terra
309 755 407 829 feros
424 765 568 852 partus,
585 755 762 828 immania
779 765 957 840 monstra,
971 753 1158 852 Gigantas
1172 759 1213 830 35

225 870 367 956 Edidit,
387 895 543 943 ausuros
561 871 599 942 in
618 869 723 943 Jovis
740 871 794 942 ire
813 869 979 942 domum.

175 985 282 1060 Mille
301 1011 435 1060 manus
453 986 526 1058 illis
544 985 662 1071 dedit,
682 994 721 1057 et
739 1010 806 1083 pro
823 985 995 1057 cruribus
1015 1007 1176 1081 angues3

225 1102 352 1199 Atque
371 1103 444 1175 ait:
475 1101 520 1174 In
538 1125 696 1196 magnos
714 1123 818 1173 arma
834 1109 982 1173 movete
1000 1101 1110 1174 deos.

174 1216 380 1292 Exstruere
398 1217 435 1289 hi
454 1227 602 1291 montes
620 1217 668 1289 ad
687 1216 810 1289 sidera
828 1239 976 1287 summa
994 1217 1187 1312 parabant,

225 1331 276 1404 Et
293 1356 471 1428 magnum
489 1331 589 1404 bello
608 1330 809 1404 sollicitare
827 1330 850 1401 J
853 1351 974 1403 ovem.
1173 1335 1214 1401 40

177 1447 350 1521 Fulmina
366 1446 415 1520 de
432 1446 517 1518 coeli
531 1446 720 1541 jaculatus
738 1444 888 1542 Jupiter
905 1468 1004 1530 arce,
1243 1452 1247 1458 '

223 1562 347 1637 Vertit
365 1563 401 1636 in
421 1571 592 1635 auctores
611 1562 780 1659 pondera
796 1570 902 1633 vasta
920 1584 1023 1633 suos.

175 1677 247 1751 His
264 1679 362 1751 bene
381 1677 565 1774 Majestas
584 1677 697 1750 armis
715 1676 869 1750 defensa
887 1675 1045 1747 deorum

224 1792 381 1879 Restat3
411 1803 514 1866 etex
533 1792 597 1864 illo
614 1804 782 1888 ternpore
801 1790 908 1862 firma
925 1799 1068 1862 manet.

174 1907 336 1982 Adsidet
353 1908 418 1980 illa
434 1907 541 1994 Jovi;
570 1906 675 1978 Jovis
694 1918 752 1979 est
769 1904 952 1978 fidissima
969 1913 1122 1992 custos;
1144 1953 1150 1963 -
1172 1907 1214 1974 45

226 2023 277 2096 Et
294 2032 450 2121 praestat
466 2023 547 2095 sine
565 2022 599 2092 vi
618 2029 768 2116 sceptra
786 2019 983 2092 tremenda
998 2017 1022 2088 J
1025 2018 1099 2092 ovi.

174 2140 289 2215 Venit
306 2140 398 2213 etin
416 2150 555 2212 terras:
585 2136 782 2210 coluerunt
801 2134 987 2207 Romulus
1007 2134 1111 2207 illam

226 2254 277 2327 Et
295 2254 440 2342 Numa3
470 2279 558 2327 mox
576 2252 650 2339 alii,
671 2261 840 2348 tempore
859 2249 1024 2347 quisque
1044 2272 1126 2323 suo.

178 2484 203 2532 in
226 2482 313 2532 animo.
352 2482 439 2538 Status,
460 2499 537 2532 rerum
561 2482 672 2532 conditio.
723 2498 857 2556 geaneruun
874 2488 938 2538 unde
955 2489 990 2537 illi
1008 2491 1067 2538 mle
1086 2505 1129 2536 aaa
1145 2486 1216 2537 obruti

178 2558 242 2604 Dum
260 2560 342 2612 senior,
361 2567 409 2604 etc.
426 2556 502 2605 donec
520 2559 634 2606 Saturnus
648 2557 672 2606 in
722 2565 949 2631 jambanrllemm.
960 2563 978 2609 i.
989 2563 1046 2611 156.

176 2638 264 2678 tartara
275 2629 416 2678 miuusetl·
450 2630 605 2694 Defsslioex
620 2631 672 2694 qui·
756 2641 795 2687 43.
812 2637 852 2686 Sic
862 2639 928 2686 salve
938 2636 1026 2684 mansit
1039 2636 1153 2700 majestas
1164 2633 1216 2683 deo·

175 2705 221 2752 bus
231 2703 256 2751 id
267 2704 365 2758 factum.
377 2704 431 2751 vide
442 2704 472 2752 ad
484 2705 517 2752 iv.
530 2706 584 2752 197.
724 2728 784 2767 sum,
800 2726 844 2759 nec
863 2710 990 2775 quiequam
1009 2717 1092 2773 postea
1113 2721 1216 2772 spernere

208 2779 248 2824 35.
274 2777 313 2825 De
336 2777 483 2841 Gigantibrm
504 2777 582 2825 Terre
606 2777 670 2834 filiis.
722 2800 774 2833 earn
794 2800 864 2832 ausus
881 2795 925 2831 est.
962 2784 1066 2838 Adsidet,
1084 2789 1134 2830 etc.
1155 2781 1215 2830 Σύν-

174 2851 277 2898 Metam.
288 2849 307 2897 i·
323 2851 376 2898 151.
390 2865 442 2913 sqq.
477 2853 587 2904 Arauros,
600 2850 670 2914 depo·
722 2861 811 2923 θρονος
826 2858 881 2907 Jovi
896 2864 941 2912 est,
958 2866 985 2904 ur
1000 2855 1067 2919 apud
1080 2855 1217 2918 AEsehytun

174 2923 221 2971 sita
236 2925 376 2979 reverentia,
395 2932 520 2988 spretaque
538 2925 605 2973 Jovis
622 2942 671 2973 ma·
722 2932 810 2996 Coeph.
821 2933 880 2980 243.
894 2929 990 2994 Κράτος
1001 2931 1042 2978 reni
1056 2928 1126 2988 Δίκη,
1137 2928 1218 2992 quibus

171 2997 268 3062 jestate.
312 2998 352 3046 Ire
378 3003 403 3045 in
426 3000 523 3060 aliqum
546 2999 618 3047 etiam
640 2999 671 3046 dc
724 3006 764 3053 ille
780 3005 895 3053 mundum
909 3004 984 3068 regin
1002 3003 1068 3068 apud
1079 3001 1217 3053 callimach.

174 3071 252 3120 hostili
278 3073 376 3136 impetu.
419 3073 499 3120 Matre
526 3071 671 3135 impellente,
722 3079 807 3141 hymn.
830 3079 885 3126 Jov.
902 3079 942 3124 67.
984 3075 1030 3136 ab,
1053 3078 1095 3124 urai
1116 3076 1217 3140 Κράτος,

174 3160 273 3208 regnum
295 3147 393 3195 coeleste
417 3145 451 3192 illi
474 3145 626 3202 affectabant,
648 3156 672 3194 et
722 3150 808 3214 quibus
837 3150 960 3213 imperium
988 3149 1078 3208 debet3
1105 3157 1131 3196 et
1157 3148 1216 3213 apud

173 3225 189 3247 ‘⁴
204 3229 299 3268 centum
319 3218 419 3284 quiaque
438 3219 553 3284 parabant
571 3219 671 3280 lnjicere
724 3224 855 3279 Horatium,
864 3224 885 3270 l.
894 3222 941 3271 Od.
950 3223 990 3271 xii.
999 3225 1040 3270 20.
1050 3223 1140 3277 Pallas,
1150 3237 1215 3285 quarn

175 3293 334 3358 anguipedum
353 3293 448 3358 captivo
469 3293 566 3339 brachia
586 3292 671 3340 coelo''
722 3296 746 3344 in
758 3296 879 3344 eonsilium
892 3295 997 3343 adhibet.
1027 3295 1116 3343 Curras.
1142 3293 1216 3342 Etiam

174 3368 275 3416 Metam.
294 3368 310 3416 i.
333 3370 387 3416 183.
423 3367 470 3414 Sed
492 3366 607 3414 hocloco
629 3365 671 3413 illa
722 3368 754 3415 dii
767 3377 855 3416 tutores
865 3376 889 3416 et
902 3376 1079 3416 conservatores
1092 3367 1217 3416 rerumbo·

174 3439 300 3505 descriptio
314 3442 382 3488 Mille
395 3457 485 3495 monaca,
498 3450 545 3488 etc.
563 3455 671 3487 numeros
722 3441 859 3504 minumque
877 3444 977 3489 cautoder
994 3439 1123 3501 dicuntum
1146 3440 1216 3488 Hora·

175 3513 492 3578 Ouidianosparumret'erre
501 3513 672 3561 Heinsiovide·
724 3514 811 3569 tius,=I.
822 3515 870 3563 Od.
883 3514 963 3562 xxxvi.
974 3516 998 3562 3.
1031 3515 1134 3563 Proilia
1143 3514 1216 3562 Taub-

174 3584 252 3640 batur,
278 3586 336 3634 licet
366 3602 418 3635 earn
446 3588 518 3635 etiam
547 3586 673 3634 Scholiast.
723 3604 779 3635 nero
801 3588 898 3635 aliorum
919 3590 972 3635 inde
994 3603 1042 3635 non
1063 3588 1216 3653 displicebat,

175 3657 244 3705 Statii
261 3658 290 3705 ad
306 3676 328 3706 v.
341 3659 418 3706 Theb.
430 3660 486 3707 569.
500 3659 534 3706 sic
552 3659 672 3707 exhibeat.
723 3661 764 3709 sed
779 3662 830 3725 jam
852 3669 922 3708 antea
943 3659 1078 3709 adsederat.
1115 3661 1214 3712 Pmtat.

176 3730 265 3777 Mallet
275 3747 330 3794 ergo
341 3731 409 3778 Mille
419 3749 499 3780 marrus
510 3743 531 3780 et
542 3735 673 3780 millededit
723 3744 769 3782 etc.
788 3735 854 3790 lucit,
875 3744 902 3782 ut
918 3749 1000 3782 omnes
1020 3735 1073 3783 sola
1093 3732 1215 3783 reverantia

172 3820 215 3864 pro
233 3806 338 3851 cruribus
356 3821 449 3866 angues.
487 3806 573 3853 Parum
590 3816 670 3855 tamen
720 3808 785 3863 moti,
797 3817 902 3855 metuant
918 3810 1012 3861 lovem,
1023 3823 1103 3871 neque
1115 3807 1156 3856 ille
1168 3811 1214 3860 rin,

174 3877 264 3931 aberat,
273 3877 331 3941 quin
342 3877 457 3933 crederet,
466 3887 540 3925 toturn
552 3879 670 3927 distichon
721 3880 827 3935 fulmina,
840 3897 918 3928 rursus
929 3879 1040 3929 adhibere
1052 3891 1161 3945 cogetur.

175 3949 205 3998 ab
226 3949 398 4013 interpolatoris
416 3965 486 3997 manu
505 3966 571 4008 esse3
593 3961 672 4013 potest
753 3956 793 4002 47.
811 3954 888 4002 Etiam
902 3952 926 4001 in
938 3963 998 4001 terra
1015 3955 1121 4016 regibus,
1133 3952 1212 4017 magis·

174 4037 231 4070 sane
253 4023 319 4070 salvo
340 4037 409 4070 sensu
431 4023 521 4070 abesse.
566 4024 671 4072 Pondere
721 4027 828 4083 tratibus,
840 4026 941 4090 aliisque
958 4026 1095 4076 hominibus
1109 4028 1212 4091 majestas

174 4105 246 4149 varta,
258 4103 349 4142 montes
362 4102 493 4157 congestos,
507 4111 565 4158 quos
578 4098 671 4162 Jupiter
721 4101 839 4148 tribuitur.
874 4100 911 4148 Ac
934 4100 1047 4148 Romulus
1066 4100 1172 4165 quidem,
1190 4106 1211 4145 nt

174 4168 243 4218 vertit
262 4167 286 4216 in
302 4178 404 4216 unctores
420 4184 476 4223 mor.
492 4184 540 4224 eos,
558 4169 598 4233 qui
616 4185 671 4218 con·
720 4175 786 4239 leges
807 4176 860 4223 late
885 4173 964 4237 generi
990 4173 1113 4224 hominum
1134 4169 1210 4237 agresti
