2806 5018
299 353 344 419 60
581 349 622 415 Ρ.
646 348 810 415 ovim}
831 344 1044 415 NASONIS

301 526 362 600 Ad
380 523 573 624 penetrale
592 523 740 610 Numae,
761 523 1096 622 Capitolinumque
1112 516 1338 604 Tonantem,

355 639 477 738 Inque
493 638 599 714 Joris
617 663 766 713 summa
782 638 938 713 caeditur
953 642 1041 712 arce
1057 633 1209 709 bidens,
1304 637 1349 705 70

304 757 415 856 Saepe
432 779 565 853 graves
583 755 728 853 pluvias
746 755 951 854 adopertus
969 752 1135 827 nubibus
1153 751 1296 825 Auster

353 873 541 959 Concitet,
560 882 626 947 aut
642 871 766 971 posita
782 871 853 944 sub
871 871 956 944 nive
973 879 1074 943 terra
1089 867 1195 941 latet.

303 989 530 1063 Pnoxruus
551 985 757 1086 Hesperias
774 985 888 1059 Titan
906 985 1075 1059 abiturus
1092 983 1131 1055 in
1149 980 1274 1054 undas

354 1103 539 1179 Gemmea
555 1102 754 1201 purpureis
771 1124 889 1198 quum
901 1101 996 1197 juga
1012 1097 1131 1171 demit
1146 1095 1280 1193 equis:

303 1219 374 1293 Illa
390 1230 501 1294 nocte
518 1220 668 1318 aliquis,
687 1220 824 1293 tollens
842 1216 890 1290 ad
908 1216 1032 1289 sidera
1047 1213 1207 1297 vultum,
1305 1215 1349 1284 75

353 1335 490 1409 Dicet:
522 1335 599 1407 Ubi
616 1345 676 1408 est
693 1333 817 1419 hodie,
837 1356 922 1430 quae
941 1330 1041 1428 Lyra
1055 1328 1162 1430 fulsit
1178 1326 1289 1401 herii

303 1449 483 1548 Dumque
496 1448 633 1547 Lyram
644 1447 1084 1547 quoeret,mediiquoque
1096 1456 1205 1541 terga
1216 1441 1348 1517 Leonis

353 1565 398 1638 In
417 1564 579 1662 liquidas
598 1565 721 1638 subito
739 1589 862 1640 mersa
879 1564 1026 1638 notabit
1044 1585 1175 1660 aquas.

303 1680 430 1766 Quam
449 1680 561 1755 modo
578 1680 752 1754 caelatum
771 1680 890 1755 stellis
909 1678 1100 1777 Delphina
1116 1676 1288 1762 videbas,

355 1794 392 1868 Is
410 1795 528 1893 fugiet
545 1795 645 1869 visus
665 1807 776 1870 nocte
795 1808 979 1894 sequente
997 1805 1095 1867 tuos.
1304 1796 1349 1864 80

301 2029 335 2079 ita
348 2040 441 2096 septum
453 2038 511 2089 erat,
523 2040 549 2080 ut
561 2047 630 2081 nemo
641 2031 735 2081 introire
747 2046 799 2096 poe·
851 2032 912 2093 equis
923 2030 983 2094 juga
996 2027 1078 2076 demit.
1107 2027 1168 2077 Jatu
1181 2026 1285 2074 observa
1296 2037 1349 2070 eon·

301 2113 353 2165 set3
370 2103 459 2162 Liviire,
467 2104 524 2165 i.a;
534 2104 636 2170 Dionys.
643 2104 668 2154 ii.
681 2106 727 2165 153
745 2104 801 2161 Dio,
851 2103 989 2158 versionem,
1007 2117 1056 2166 qua
1075 2099 1179 2149 siderum
1196 2095 1351 2164 quorumdam

301 2177 341 2226 47.
358 2179 453 2226 Aduena
463 2177 539 2226 omnis
551 2177 637 2226 fluvius
650 2177 747 2226 aliunde
760 2193 800 2225 ve·
850 2192 961 2227 oceasum
976 2175 1074 2224 indicat.
1109 2174 1178 2238 Lyre
1189 2186 1289 2221 oeeasue
1300 2184 1350 2218 eae·

300 2251 368 2300 niens
389 2251 437 2299 dici
453 2260 539 2317 potest.
574 2249 696 2300 Penetrote
720 2251 801 2299 Nume
851 2251 936 2308 micus,
958 2251 1040 2299 Leonis
1062 2246 1220 2312 aoronychiua
1240 2243 1350 2308 intelligi·

301 2324 365 2372 aedes
376 2325 497 2381 Veatae,in
508 2326 577 2389 cujus
587 2324 655 2381 atrio,
666 2324 704 2373 cui
717 2324 800 2388 Regia
852 2336 898 2375 tur.
932 2326 1013 2383 Medii,
1023 2339 1097 2389 usque
1109 2321 1140 2372 ad
1150 2320 1265 2377 medium,
1275 2319 1352 2368 media

301 2413 396 2454 nomen,
408 2397 489 2447 Numa
500 2397 639 2458 habitabam
656 2396 688 2446 vi.
698 2399 746 2446 aot
757 2413 799 2462 sq;
852 2409 925 2465 terga.

302 2471 373 2519 triu.
383 2470 432 2519 lll-
442 2471 461 2518 i.
472 2472 521 2531 293
537 2470 640 2526 solinus,
653 2486 706 2536 cap.
718 2473 742 2519 2·
762 2471 801 2519 stc
878 2475 1000 2523 79-118.
1013 2466 1351 2534 Daetpituiwoeonuheiiaeos.

303 2545 372 2592 AEder
385 2543 436 2600 illa,
447 2553 567 2594 exstructa
579 2554 603 2592 et
617 2544 669 2610 ipsa
683 2561 698 2593 a
713 2545 801 2601 Numa.
852 2548 973 2607 Quoniam
991 2547 1016 2595 iu
1035 2547 1121 2595 catatu
1140 2542 1252 2609 operibus
1271 2541 1350 2605 figura

303 2618 372 2683 hujus
383 2622 500 2680 penetrale
511 2633 556 2666 non
567 2619 628 2666 male
639 2618 687 2667 dici
701 2627 801 2684 poterat.
851 2623 885 2672 ita
897 2638 1013 2688 expressae
1028 2630 1091 2676 tunt,
1102 2627 1129 2668 ut
1143 2617 1274 2672 emineant,
1284 2630 1354 2681 prop·

302 2693 360 2750 Arx,
371 2708 426 2758 pars
439 2691 514 2740 altera
526 2691 620 2750 montis,
630 2693 656 2740 in
670 2709 718 2757 quo
729 2693 801 2756 Capi·
852 2705 917 2746 terea
927 2705 952 2744 et
962 2695 1028 2744 sidus
1041 2692 1116 2742 stellis
1132 2689 1273 2739 distinctum
1283 2691 1351 2737 eete-

273 2814 280 2827 ,
302 2765 386 2813 tolium
397 2774 457 2814 erat.
477 2765 563 2829 Itaque
574 2782 616 2814 arx
627 2775 651 2814 et
663 2766 801 2828 Capitolium
853 2781 900 2818 tum
917 2770 965 2818 dici
980 2768 1065 2833 potuit.
1102 2766 1222 2827 Delphinis
1237 2762 1352 2828 originem

302 2854 365 2904 saepe
382 2838 566 2903 distinguuntur.
600 2839 689 2894 Livius,
706 2838 740 2886 iii.
764 2840 802 2887 tu.
852 2843 970 2909 triplicem
986 2841 1096 2906 Hyginus
1113 2839 1182 2888 Poet.
1195 2837 1262 2886 Astr.
1271 2837 1297 2885 ii.
1312 2836 1352 2884 17.

301 2931 344 2962 arx
362 2924 430 2976 copto
450 2915 630 2978 Capitoliumque
650 2925 801 2975 occupatum,¹
852 2918 932 2967 refert.
966 2917 1031 2972 Una,
1047 2929 1119 2980 quam
1131 2909 1204 2961 Ouid.
1217 2909 1302 2976 paucis
1314 2919 1351 2959 at·

303 2988 373 3036 adl.
384 2988 510 3035 uerorue
521 2987 710 3050 Capitoliumque.
730 2987 801 3035 Nunc
851 2992 930 3055 tingit,
945 3000 981 3039 est
993 2990 1057 3037 hae:
1076 2986 1183 3052 Delphin
1197 2983 1296 3049 qnidam
1311 3000 1352 3033 no

301 3077 355 3111 vero
366 3062 481 3128 templum
492 3063 506 3112 J
509 3061 559 3110 ovis
570 3061 708 3127 Capitolini.
726 3061 766 3109 Sic
778 3069 802 3109 et
852 3066 915 3113 mine
927 3080 942 3113 a
952 3064 1064 3127 Neptuno
1075 3061 1107 3108 ad
1116 3057 1288 3123 Amphitriten,
1298 3073 1351 3121 que

301 3136 401 3186 ianua.
434 3134 712 3202 Saepegruuer,etc.rid.
728 3134 800 3185 Colu-
852 3138 952 3203 fugerat,
969 3134 1158 3199 investigandam
1175 3131 1289 3181 dimissus
1304 3142 1351 3188 est,

303 3212 384 3267 mella,
406 3212 440 3260 xi.
465 3211 509 3258 ll:
537 3217 552 3238 ‘¹
564 3209 670 3260 Kalend.
690 3210 801 3257 Febmar.
851 3226 951 3276 eamque
967 3225 1041 3275 quum
1058 3206 1191 3273 reperisset,
1207 3205 1312 3270 impulit,
1325 3208 1352 3255 tt

301 3295 387 3334 uentus
405 3284 515 3340 Eurinus,
535 3292 559 3333 et
577 3282 694 3334 interdurn
716 3283 804 3330 Auster
852 3287 966 3351 Neptuno
979 3285 1086 3332 nuberet.
1118 3279 1166 3329 Sed
1180 3279 1270 3328 Noster
1285 3281 1352 3328 Ario-

303 3375 357 3407 cum
368 3358 482 3422 grandine
492 3358 555 3406 est.'’
852 3364 889 3410 uir
916 3359 1022 3407 fabulam
1050 3355 1133 3405 merito
1157 3354 1283 3420 amplexus
1308 3364 1354 3412 est,

335 3432 441 3480 att-ta.
458 3433 579 3479 Proximus
609 3432 678 3479 Titan
702 3429 740 3479 die
765 3446 801 3478 se·
853 3448 955 3498 eamque
965 3443 990 3481 et
1000 3430 1082 3479 ordine
1090 3438 1115 3479 et
1122 3427 1230 3493 jucunde
1242 3429 1355 3478 narravit.

302 3507 381 3556 eundo
392 3506 460 3555 Febr.
493 3505 668 3568 ,iugulignum
686 3515 804 3552 transver·
853 3506 891 3554 De
911 3520 940 3554 aa
962 3504 1011 3553 rid.
1032 3503 1174 3557 Herodotus.
1193 3501 1210 3549 i.
1232 3502 1274 3550 23.
1293 3503 1354 3551 rnul-

302 3596 354 3629 sum
370 3579 396 3627 in
410 3589 511 3634 temone,
528 3578 591 3642 quod
609 3593 722 3642 equorum
736 3577 803 3626 collis
853 3578 918 3643 tique
929 3579 978 3628 alii.
996 3578 1063 3626 Male
1075 3574 1231 3641 Neapolisad
1241 3577 1354 3624 venlll.

303 3653 475 3718 imponebatur,
496 3652 521 3700 in
542 3667 613 3700 curru
633 3651 694 3701 Solis
713 3654 805 3716 gemmis
854 3663 945 3709 monet,
955 3653 1102 3701 Herodotum
1113 3650 1144 3699 ad
1154 3651 1353 3714 unguemaNos-

302 3725 383 3775 ordine
403 3725 485 3790 positis
501 3725 638 3773 distinctum
655 3734 724 3777 erat:
741 3726 803 3775 Met.
853 3734 888 3774 tro
902 3742 1038 3791 expressum
1055 3741 1122 3782 esse;
1138 3739 1212 3771 trumo
1228 3723 1253 3772 in
1271 3724 1355 3773 multia

303 3799 328 3848 ii.
342 3801 395 3848 109.
429 3799 495 3846 Male
507 3797 578 3862 igitur
589 3798 751 3862 unusRegius
761 3815 803 3863 pro
853 3799 884 3847 ab
900 3814 928 3847 eo
942 3800 1068 3864 discrepat.
1103 3799 1215 3846 Dumium
1232 3800 1298 3862 tyre,
1312 3799 1354 3864 qni

302 3872 366 3922 varia
377 3872 479 3921 lectione
495 3876 570 3936 igneo.
605 3872 739 3935 Purpureiu
750 3888 799 3920 om·
851 3888 904 3922 earn
915 3873 997 3922 habet.
1016 3873 1090 3921 Arion
1098 3872 1241 3936 Methymna
1249 3872 1353 3922 huius.

302 3946 357 3994 nino
371 3944 476 3994 lucidum
491 3955 515 3994 et
531 3945 682 4010 splendidum
698 3946 802 3995 colorem
852 3946 1017 3995 Citharoedum
1036 3946 1268 4003 excellentissimum,
1287 3945 1354 3996 obde-

302 4018 366 4084 apud
383 4026 464 4083 poetas
481 4017 569 4066 iudicat
577 4036 584 4077 ;
611 4018 693 4084 itaque
707 4029 732 4068 et
748 4036 801 4083 qua
853 4022 896 4078 νὸς
911 4018 1033 4084 δεύτερον,
1045 4020 1164 4069 coloribus
1175 4019 1203 4067 iis
1215 4028 1290 4077 notat,
1301 4022 1355 4085 qui·

300 4094 357 4142 eolis
368 4101 431 4150 sunt,
442 4111 559 4157 purpureo
570 4105 691 4143 vocantur.
724 4094 802 4142 Etiam
852 4094 897 4141 bus
905 4094 939 4142 vis
950 4093 1080 4142 carminum
1090 4093 1114 4141 in
1122 4093 1260 4158 Orpheo,et
1272 4095 1355 4144 Alceo

303 4168 402 4219 Heroid.
424 4168 473 4218 xxi.
495 4185 546 4218 ver.
565 4170 606 4218 86.
627 4170 665 4218 Sol
683 4170 803 4233 purpureis
853 4165 1051 4233 alibideeeripta5
1069 4168 1170 4216 Metam.
1181 4184 1206 4216 x.
1217 4169 1259 4217 86.
