2806 5018
544 567 859 633 CONSOLA'I'IO.
1154 568 1216 632 441

171 743 286 818 Adde
304 741 407 840 quod
425 751 485 815 est
502 743 638 817 absens
655 742 828 831 sunctus;
854 767 924 816 nec
943 765 1095 817 cernere
1113 741 1192 815 nati

227 860 445 935 Semineces
462 860 591 932 oculos
609 861 819 934 sustinuere
836 860 905 933 tui.

171 976 326 1074 Quique
343 974 449 1049 dolor
465 975 582 1048 menti
599 976 812 1049 lenissimus
831 975 953 1048 influit
970 972 1090 1072 iegrae,
1143 979 1216 1049 395

224 1092 409 1191 Accipere
424 1116 465 1166 es
482 1092 606 1165 luctus
624 1117 713 1166 aure
730 1104 861 1165 coacta
878 1103 975 1165 tuoe.

170 1209 447 1305 Praevertitque
463 1219 587 1281 metus
605 1233 672 1306 per
689 1209 802 1305 longa
819 1208 984 1306 pericula
1001 1208 1167 1294 luctum;

224 1325 284 1398 Tu
302 1325 440 1422 quibus
459 1325 597 1398 auditis
616 1325 728 1398 anxia
745 1325 881 1398 mentis
900 1348 995 1398 eras.

173 1441 264 1516 Non
282 1465 330 1514 ex
349 1441 531 1539 praecipiti
549 1441 654 1514 dolor
672 1441 710 1512 in
728 1452 791 1514 tua
809 1451 962 1538 pectora
978 1438 1090 1525 venit,

227 1558 304 1632 Sed
322 1581 389 1655 per
404 1557 566 1630 mollitos
585 1568 672 1631 ante
688 1557 820 1631 timore
839 1558 988 1652 gradus.
1141 1557 1216 1626 400

171 1673 323 1773 Jupiter
341 1685 426 1746 ante
445 1673 551 1745 dedit
567 1672 632 1745 sati
646 1673 744 1745 mala
762 1674 868 1769 signa
885 1671 1042 1757 cruenti,

226 1790 464 1864 Flammifera
481 1790 589 1887 petiit
608 1814 724 1886 quum
742 1790 814 1862 tria
830 1790 971 1888 templa
987 1812 1121 1874 manu;

172 1907 412 2003 Junonisque
431 1905 532 2002 gravi
550 1917 672 1990 nocte,
692 1906 965 2004 impavidaeque
985 1905 1176 1986 Minervae,

226 2022 442 2119 Sanctaque
462 2033 499 2096 et
517 2022 689 2095 immensi
709 2022 868 2095 Caesaris
887 2023 962 2095 icta
979 2023 1125 2095 domus.

173 2140 309 2213 Sidera
325 2139 416 2235 quin
434 2139 547 2211 etiam
566 2140 660 2212 coelo
678 2138 818 2235 fugisse
836 2139 1023 2225 feruntur;
1140 2137 1213 2206 405

224 2255 372 2327 Lucifer
390 2265 429 2327 et
446 2255 575 2326 solitas
593 2254 810 2328 destituisse
827 2255 918 2328 vias.

174 2371 323 2445 Lucifer
341 2371 378 2442 in
396 2382 475 2443 toto
493 2370 585 2442 nulli
604 2372 813 2468 comparuit
829 2374 930 2457 orbe,

227 2487 277 2560 Et
294 2487 395 2561 venit
413 2488 522 2560 stella
540 2511 612 2559 non
632 2500 822 2586 praeeunte
840 2488 935 2563 dies

175 2605 320 2678 Sideris
339 2605 409 2677 hoc
428 2604 552 2678 obitus
571 2605 678 2678 terris
697 2606 837 2680 instare
854 2606 1052 2694 monebat3

227 2719 278 2792 Et
294 2720 571 2836 mesglssfflia.
583 2721 707 2795 nobile
725 2722 851 2795 lumen
871 2747 981 2820 aqua.
1144 2713 1218 2790 410

173 2836 229 2908 At
246 2847 299 2920 tu,
320 2836 385 2933 qui
403 2858 557 2932 superes
574 2849 717 2909 moestae
737 2839 869 2911 solatia
886 2839 1007 2923 matri,

227 2951 467 3049 Compreeor,
487 2951 539 3023 illi
558 2952 630 3049 ipsi
648 2955 880 3052 conspiciare
898 2980 1030 3029 senex.

172 3068 326 3163 Perque
345 3090 462 3139 annos
480 3067 677 3140 diuturnus
695 3093 759 3142 eas
777 3069 976 3167 fratrisque
992 3083 1176 3165 tuosque,

229 3182 279 3255 Et
296 3182 394 3255 vivat
412 3194 499 3257 nato
516 3207 602 3256 cum
621 3209 710 3258 sene
729 3197 847 3259 mater
864 3210 969 3258 anus.

209 3395 268 3442 ⁴02.
290 3396 437 3461 Flammifera
456 3399 524 3458 pettit
540 3414 609 3459 quum
627 3401 673 3444 tria
722 3397 807 3460 Neque
821 3397 855 3444 ita
868 3402 985 3460 repugnat
998 3394 1039 3459 qui
1050 3407 1102 3441 sese
1116 3391 1218 3456 primum

173 3471 260 3530 temple
276 3470 369 3532 meum}
381 3471 479 3518 Scilicet
495 3471 561 3521 Joviu
576 3470 672 3535 Capito-
722 3470 789 3519 offert
806 3487 902 3527 sensus;
924 3473 1013 3518 domum
1031 3466 1123 3515 scilicet
1143 3467 1217 3515 Juno-

171 3543 227 3597 lini,
239 3551 263 3590 et
272 3543 382 3597 lunonis,
394 3555 418 3591 et
428 3543 553 3600 llliuervae,
564 3560 617 3609 qna
629 3545 672 3609 ipsi
723 3545 767 3599 nis,
780 3545 894 3592 lllinervre
912 3554 936 3592 et
948 3542 1056 3598 Cesaris,
1067 3551 1130 3590 nocte
1143 3543 1218 3604 grand

171 3616 290 3683 proxima.
326 3618 356 3666 In
377 3633 425 3682 quo
447 3616 525 3666 differt
548 3619 673 3665 Nostera
722 3617 747 3664 id
766 3628 810 3672 est,
825 3618 937 3672 ominosa,
949 3616 1058 3671 exitiosa,
1075 3614 1173 3662 fulmine
1187 3612 1219 3661 si·

172 3691 264 3745 Dione,
276 3691 317 3756 qni
331 3690 384 3739 libri
399 3693 432 3741 lv.
442 3692 516 3747 initio,
529 3691 595 3740 lovis
613 3701 672 3739 tem·
722 3691 771 3737 mul
787 3707 800 3738 a
815 3693 875 3740 ,love
891 3694 959 3738 ictam
976 3689 1057 3738 fuisse.
1092 3689 1178 3737 l'orsan
1195 3696 1219 3736 et

171 3765 241 3831 plum
253 3764 350 3822 indicat,
359 3777 383 3814 et
394 3767 493 3815 alterum
502 3765 615 3816 erluvuov
626 3766 671 3813 αὐ·
723 3769 769 3811 tria
785 3766 836 3813 haec
849 3781 899 3813 esse
918 3765 1016 3830 temple,
1031 3764 1060 3812 de
1078 3764 1165 3828 quibus
1180 3780 1218 3812 su-

170 3840 234 3898 τοῦ;
251 3841 318 3906 cujus
329 3858 384 3890 vero
396 3842 505 3898 numinis,
518 3858 564 3889 non
574 3841 639 3890 dicit.
722 3838 806 3902 periori
827 3854 894 3887 versu
915 3838 1008 3887 locutus
1028 3847 1072 3894 est,
1093 3836 1156 3886 credi
1178 3853 1219 3901 po·

208 3916 265 3970 403,
283 3917 338 3963 404.
355 3916 494 3978 Junonisque
513 3919 580 3980 graui
600 3925 671 3970 nocte,
724 3921 777 3960 test.

171 3987 237 4049 erm]
261 3987 387 4036 Distichon
406 3989 448 4036 hoc
467 3988 569 4037 vicissim
585 3989 671 4053 Cuper.
755 3987 811 4034 411.
823 3988 854 4033 Ar
866 3997 901 4044 tu,
911 3990 949 4050 qui
960 4003 1055 4048 superer,
1067 3986 1125 4049 etc]
1139 3988 1220 4034 Sermo

171 4060 258 4108 Heius
286 4069 311 4107 et
331 4062 481 4110 Burmannus
508 4070 671 4120 tentaverunt5
723 4060 1103 4109 nuncad'fiberiumconversus.

171 4133 217 4181 sed
235 4149 317 4198 parum
334 4134 394 4182 adeo
410 4135 517 4190 feliciter,
529 4144 556 4183 ut
572 4134 673 4183 fateatur
755 4136 811 4182 414.
830 4135 860 4182 Et
875 4138 936 4184 uiuat
953 4146 1006 4183 uero
1018 4153 1068 4182 cum
1083 4151 1133 4182 sene
1148 4143 1220 4180 nsoter

172 4207 259 4256 Burm.
271 4207 455 4271 exspectandum
467 4211 617 4257 esseolibris
628 4227 671 4256 me-
722 4209 801 4272 unm]
825 4209 892 4257 Vixit
909 4209 1004 4274 quidem
1026 4224 1085 4256 anus
1103 4205 1178 4261 livia,
1195 4215 1220 4254 et

174 4284 269 4331 lioribaes
285 4285 412 4332 cnsilium:
431 4284 493 4349 quod
512 4300 587 4349 quum
607 4283 673 4331 nohis
723 4301 774 4331 cum
793 4293 846 4330 nato
866 4292 982 4348 provecte
1003 4283 1052 4346 jam
1071 4280 1162 4339 atatim
1178 4277 1220 4328 sed

173 4354 279 4405 nondum
297 4356 416 4421 obtigerit,
433 4357 582 4422 desperatam
602 4356 675 4404 tantis
725 4372 778 4404 eum
789 4366 894 4420 experta,
905 4365 930 4404 ut
941 4356 1016 4404 multo
1030 4354 1052 4403 ei
1066 4353 1222 4419 prestitisset,

174 4430 232 4478 viris
258 4430 401 4479 curationem
435 4447 481 4479 non
513 4430 674 4496 suscipiemus.
726 4440 853 4495 antequam
872 4430 981 4478 Tiberius
997 4429 1132 4494 imperaret,
1149 4427 1221 4476 inter·

211 4501 288 4551 VOL.
299 4504 331 4551 V.
825 4504 872 4551 3L
