2806 5018
171 336 236 400 414
480 339 918 405 PRAEFATIUNCULA.

217 509 268 574 Ac
299 511 435 594 primum
465 512 596 593 quidem
626 512 667 575 de
698 510 831 575 Pedone
859 509 1103 595 inquirendum,
1130 529 1173 571 an
1200 508 1226 569 ir

172 611 333 677 exstiterit
359 622 467 694 poeta,
492 612 545 674 cui
565 611 865 696 praestontlssr'mum
891 609 971 675 illud
997 631 1095 694 opus,
1120 620 1156 672 et
1180 618 1225 671 tot

173 713 293 799 ingenii
313 713 479 775 luminibus
499 713 636 797 insigne,
653 714 871 790 tribueretur3
893 733 993 796 quum
1012 709 1062 774 illi
1081 710 1159 796 ipsi,
1172 710 1225 794 qui

172 815 331 888 tribuunt,
345 813 508 877 fateantur
524 813 673 899 Elegiam
684 817 717 878 ln
731 817 847 879 obitum
860 813 1065 889 Mercenutis,
1080 811 1225 897 ejusdem

173 915 293 999 ingenii
307 914 432 991 foetum,
449 923 547 978 totam
562 917 725 1002 languere,
741 938 802 980 nec
819 916 996 1000 quidquam
1013 913 1143 978 habere
1160 914 1226 1000 dig·

173 1039 246 1080 num
267 1015 443 1102 Angaataeo
464 1024 560 1079 aeoo⁰.
608 1016 757 1080 Meminit
778 1017 908 1101 quidem
930 1014 1077 1079 Pedonis
1099 1014 1224 1088 Quinti-

173 1117 290 1191 lianus,
308 1115 363 1180 lib.
381 1139 413 1179 x.
431 1117 458 1192 i;
483 1117 540 1180 sed
564 1118 680 1192 obiter,
702 1129 736 1181 et
760 1140 833 1181 cum
854 1117 990 1180 Rabirio
1013 1118 1226 1202 conjungens,

175 1218 374 1303 dequibus:
401 1241 462 1281 non
484 1219 619 1306 indigni,
636 1221 752 1303 inquit,
774 1219 954 1305 cognitione
961 1245 973 1292 ,·
996 1215 1143 1281 sediliis
1165 1227 1228 1281 tau·

175 1331 254 1397 tum,
278 1320 403 1403 'quibus
434 1330 574 1383 vocuret.
630 1320 730 1392 Quod
761 1333 851 1385 certe
885 1341 950 1382 non
984 1320 1228 1405 pronuntiasset

171 1422 277 1504 judex
301 1421 523 1504 sagacissimus
546 1421 588 1484 de
614 1433 747 1485 auctore
773 1420 1007 1484 Consolationis
1029 1422 1078 1484 ad
1092 1419 1226 1485 Liolmn

175 1522 235 1597 At,
255 1522 400 1605 inquient
419 1520 539 1596 forsan,
559 1523 699 1604 perierat
721 1543 861 1597 carmen,
881 1542 981 1605 quum
1002 1521 1080 1586 haec
1103 1522 1228 1596 Quinti·

175 1623 279 1687 lienus
300 1625 472 1687 scriberet:
496 1626 638 1708 perierat
654 1626 753 1709 igitur
767 1645 911 1707 quoque,
927 1634 1078 1708 tempore
1098 1623 1227 1688 &nece

177 1724 346 1799 Rhetoris,
358 1726 414 1807 qui
428 1748 527 1808 quum
543 1725 673 1789 Suasor.
688 1728 708 1789 i.
726 1727 940 1810 fragmentum
955 1722 1106 1789 Pedonis
1121 1724 1227 1789 afferat

177 1828 217 1890 de
232 1826 453 1911 Navigationes
478 1826 663 1889 Germanici
677 1849 741 1911 per
759 1827 920 1889 Oceanum
939 1826 1225 1910 septentrionalem

177 1925 298 1990 nullam
309 1928 437 1991 omnino
450 1927 491 1991 de
505 1927 737 2003 Consolatione,
746 1925 855 1991 aliisve
864 1924 1065 1990 Albinovani
1077 1928 1226 2013 operibus

177 2029 372 2093 mentionem
386 2028 493 2092 faciat.
540 2030 607 2093 Sed
622 2030 664 2093 ad
680 2030 903 2094 auctoritatem
916 2027 1149 2113 confugiamus
1162 2050 1227 2114 gra·

178 2131 274 2195 vioris
295 2129 396 2193 multo
418 2130 588 2213 ponderis:
612 2129 698 2194 illam
718 2131 792 2194 dico
814 2130 936 2205 Ovidii,
954 2131 1008 2193 cui
1029 2131 1154 2195 vixisse
1171 2129 1225 2193 Pe

179 2230 296 2295 donem
319 2230 613 2314 conjunctissimum
634 2241 772 2307 constat,
790 2251 832 2293 ex
854 2228 971 2314 Elegia
993 2251 1027 2292 x.
1049 2230 1094 2294 de
1117 2229 1227 2304 Ponto,

179 2331 234 2395 lib.
254 2333 294 2394 iv.
311 2332 353 2395 ad
374 2353 448 2394 eum
469 2332 576 2407 missa,
594 2354 659 2415 quo
683 2343 838 2415 tempore,
854 2330 994 2394 sunnine
1017 2330 1147 2396 nesea
1165 2331 1228 2393 lou

179 2434 282 2509 daret,
303 2432 336 2495 id
359 2442 419 2506 est,
447 2432 615 2508 Theseide,
636 2433 864 2496 conscriberet.
912 2431 1082 2495 Sideream
1103 2452 1228 2516 quoque

180 2533 270 2609 dicit,
288 2533 321 2595 in
343 2532 488 2617 ejusdem
512 2533 604 2597 Libri
627 2532 744 2618 Elegia
765 2532 876 2596 ultima
896 2555 925 2594 v.
944 2533 976 2596 6.
1022 2532 1113 2606 Quis
1135 2553 1228 2618 porro

181 2633 356 2698 crediderit
376 2633 554 2710 Nasonem,
575 2637 630 2718 qui
651 2633 729 2699 nulli
751 2633 922 2720 aequalium
944 2655 1085 2717 poeseos
1105 2633 1229 2699 laudem

182 2735 298 2798 dicitur
324 2734 486 2812 invidisse,
513 2759 641 2800 carmen
671 2737 978 2820 praestantissimum,
1005 2736 1038 2797 in
1070 2733 1230 2800 laudando

182 2837 327 2911 Pedone,
350 2837 406 2919 qui
432 2848 497 2899 tam
523 2836 652 2900 fidelem
683 2861 717 2900 se
744 2838 845 2901 amico
873 2837 1083 2920 praestiterat,
1108 2836 1230 2901 silentio

180 2936 339 3002 volentem
354 2939 570 3021 praeteriisse?

225 3039 358 3102 Faciant
376 3040 477 3121 magis
495 3039 536 3101 ad
555 3061 632 3113 rem,
649 3039 715 3121 qui,
732 3040 849 3101 omisso
865 3037 998 3102 Pedone
1014 3037 1230 3114 Albinovano,

171 3141 362 3224 fabulatore
382 3140 526 3225 egregio,
543 3151 579 3202 ut
595 3152 689 3204 vocat
708 3140 843 3216 Seneca,
859 3152 892 3203 et
899 3140 1035 3224 festino,
1053 3142 1087 3203 in
1109 3163 1232 3205 scenam

182 3241 337 3305 inducant
357 3253 521 3304 auctorem
543 3239 668 3324 Elegiae
691 3253 820 3316 nostrae,
839 3240 968 3304 Celsum
989 3240 1079 3305 hunc
1100 3241 1233 3306 Albino·

183 3364 310 3418 vanum,
329 3342 371 3404 ad
391 3364 488 3423 quem
508 3343 653 3404 inscribit
673 3342 831 3406 Horatius
853 3340 1035 3426 Epistolam
1057 3344 1124 3406 viii.
1146 3342 1233 3406 Libri

182 3445 288 3527 primi,
312 3466 472 3526 quemque
497 3440 634 3506 scribam
658 3445 747 3520 dicit,
774 3445 976 3527 comitemque
999 3443 1149 3508 Neronis
1171 3443 1234 3524 (Ti-

184 3546 295 3625 berii3)
322 3566 387 3626 quo
412 3539 534 3608 scilicet
560 3566 692 3608 munere
718 3547 824 3629 potuit
849 3545 980 3628 quidem
1004 3544 1112 3609 Drusi
1139 3545 1233 3609 frater

184 3655 313 3728 poetam
343 3645 384 3707 ad
415 3657 541 3729 tempus
574 3668 805 3722 remunerasse,
834 3647 890 3729 qui
919 3668 983 3709 non
1012 3647 1060 3709 ita
1090 3647 1233 3712 Drusum

183 3743 383 3820 laudaverat,
401 3758 437 3807 ut
458 3769 522 3809 uon
543 3747 576 3809 in
592 3747 718 3810 Tiberii
739 3746 846 3811 fratris
865 3746 978 3810 laudes
999 3748 1167 3831 copiosior
1185 3771 1234 3812 ex·

185 3847 348 3909 undasset.
396 3847 568 3909 Diversum
585 3847 671 3911 hunc
689 3871 708 3911 a
723 3848 858 3912 Pedone
875 3859 997 3923 nostro,
1012 3847 1093 3912 licet
1110 3850 1234 3914 Albino-

185 3970 284 4010 vanus
304 3958 441 4027 uterque
461 3949 662 4030 cognomine,
680 3971 699 4011 a
720 3950 825 4032 patria
843 3948 928 4011 Alba
946 3948 1058 4025 Nona,
1075 3963 1166 4016 recte
1186 3951 1235 4015 de

296 4114 307 4139 ⁶
325 4106 468 4170 Longissima
479 4109 546 4157 abeat
556 4125 570 4157 a
581 4111 691 4160 carminis
702 4113 774 4160 nostri
786 4112 912 4161 suavitate.
946 4112 1017 4169 Beck,
1030 4130 1073 4180 op.
1085 4117 1129 4164 cit.
