2806 5018
488 359 749 428 PASTORUM
773 360 864 429 LIB.
889 361 951 430 lv.

1176 363 1242 434 1711

180 533 353 608 Venerat
371 533 524 608 Atrides
542 535 628 610 satis
647 538 810 632 agitatus
830 536 1015 627 Halesus;

235 650 272 721 A
290 674 366 747 quo
385 675 426 724 se
444 651 585 725 dictam
603 664 701 726 terra
721 652 868 726 Falisca
886 666 1008 751 putat.

182 764 320 860 Adjice
339 765 510 862 Trojanae
529 792 726 842 suasorem
746 769 938 844 Antenora
955 771 1071 868 pacis,
1187 775 1234 844 75

235 880 287 952 Et
304 905 484 976 generum
505 883 684 970 OEniden,
704 884 856 982 Appule
876 885 1024 971 Daune,
1044 874 1163 960 tuum.

183 996 303 1068 Serus
321 998 369 1069 ab
390 995 527 1083 Iliacis,
548 1010 690 1096 etpost
709 999 914 1086 Antenora,
934 1002 1095 1075 flammis

232 1111 383 1185 Adtulit
399 1112 537 1185 AEneas
556 1115 593 1185 iu
612 1114 696 1186 loca
713 1124 841 1188 nostra
861 1116 976 1190 Deos.

183 1224 311 1322 Hujus
328 1238 409 1300 erat
429 1227 606 1315 Solimus,
626 1228 792 1326 Phrygia
809 1253 936 1304 comes
954 1231 1062 1304 exsul
1081 1233 1128 1304 ab
1149 1230 1230 1316 Ida,

231 1340 266 1412 A
286 1366 362 1437 quo
382 1343 572 1416 Sulmonis
591 1346 729 1418 moenia
745 1369 881 1419 nomen
901 1347 1055 1421 habeut.

1184 1352 1232 1420 80

182 1456 377 1529 Sulmonis
396 1458 523 1552 gelidi,
543 1459 686 1556 patriae,
707 1460 945 1547 Germanice,
965 1473 1113 1535 nostrae.

234 1571 301 1645 Me
312 1573 504 1646 miserum!
522 1574 702 1670 Scythico
717 1600 831 1671 quam
842 1578 972 1675 procul
985 1577 1049 1650 illa
1061 1577 1141 1650 solo
1155 1577 1230 1650 est!

182 1686 287 1784 Ergo
303 1711 374 1784 ego
391 1700 468 1761 tam
486 1689 621 1785 louge?
646 1691 712 1763 sed
732 1694 938 1791 supprime,
958 1717 1077 1779 musa,
1097 1716 1231 1789 quere-

236 1803 322 1875 Non
340 1804 407 1877 tibi
426 1814 515 1876 sunt
533 1817 666 1878 maesta
683 1831 790 1880 sacra
807 1811 978 1883 canenda
995 1812 1088 1907 lyra.
1134 1810 1229 1903 [las;

210 2047 254 2095 7³.
273 2047 370 2096 Hamus
379 2064 408 2096 ex
419 2049 519 2114 posteris
529 2053 604 2107 Atrei,
614 2053 680 2115 Aga-

177 2135 306 2170 meone
316 2122 448 2178 interiecto,
462 2124 562 2189 petriam
577 2125 680 2190 reliquit,

178 2193 287 2243 Belerion
302 2194 326 2243 in
343 2195 415 2244 ltalia
426 2196 541 2253 condidit,
554 2208 628 2262 atque
643 2199 679 2248 io·

177 2268 247 2316 colu
256 2269 272 2318 J
275 2268 361 2317 uuonie
371 2282 438 2318 sacra
448 2270 528 2319 docuit
537 2288 544 2330 3
564 2272 619 2319 Am.
631 2272 678 2321 111.

177 2340 233 2390 xiii.
245 2344 286 2390 ³1.
319 2343 353 2392 Ut
363 2344 402 2392 hic
414 2346 515 2400 Atrides,
525 2347 559 2393 sic
572 2348 627 2394 AEn.
639 2347 678 2394 vii.

176 2417 237 2464 Μ.
263 2417 451 2481 Agamemnoniam
477 2428 587 2477 vocatum
615 2420 678 2484 quod

177 2498 261 2538 temen
282 2503 329 2538 ooo
355 2491 385 2538 ad
407 2499 497 2555 patrem
524 2491 680 2549 referendum,

177 2576 237 2610 iram
258 2579 284 2610 x.
305 2564 363 2610 417.
382 2572 482 2627 epatre
501 2573 556 2612 vate
572 2565 597 2611 in
614 2565 680 2613 si'vis

175 2635 282 2685 edemus
295 2636 403 2686 traditur.
436 2638 497 2685 Eum
510 2648 588 2687 eutem
604 2639 680 2688 Fato-

176 2726 260 2759 mm
276 2709 301 2757 iu
319 2710 412 2759 Etruria
425 2711 570 2760 conditorem
589 2712 679 2760 fecium

174 2784 251 2834 etim
259 2783 353 2832 Solinus
363 2787 439 2849 capit
449 2803 456 2841 ;
473 2785 568 2833 Servius
578 2785 609 2833 ed
619 2787 678 2834 AEn.

176 2858 220 2906 vii.
243 2859 301 2906 ωδ.
333 2858 420 2905 Eorum
443 2858 554 2923 oppidum
581 2859 677 2915 Falerii,

176 2929 244 2996 quod
265 2946 351 2979 nomen
373 2931 443 2980 facile
468 2947 496 2980 ex
518 2932 602 2979 Haleso
628 2931 677 2981 fieri

176 3005 266 3068 potuit.
298 3004 362 3052 Vide
371 3004 540 3069 Spennemium
551 3004 580 3053 de
593 3005 643 3053 Usu
654 3018 679 3055 et

175 3078 304 3127 Prumut.
328 3077 404 3126 Num.
428 3078 493 3126 Dies.
521 3079 545 3126 ii.
573 3096 598 3144 p.
618 3078 678 3137 107,

175 3151 268 3216 lleyoii
278 3152 378 3200 Excute.
386 3152 417 3200 ed
427 3153 522 3200 AEueid.
532 3153 579 3201 viii.
588 3169 613 3217 p.
625 3156 678 3202 1³9.

208 3225 252 3275 76.
270 3225 310 3273 De
331 3227 446 3274 Antenore
465 3236 489 3275 et
512 3228 584 3275 Eam
605 3228 676 3275 etium

174 3299 268 3354 livius.
279 3299 297 3347 i.
311 3301 331 3346 1.
343 3307 359 3327 ‘¹
367 3302 434 3365 pacis
444 3300 618 3366 reddendoque
627 3302 676 3349 lle·

174 3373 236 3421 lene
244 3387 337 3438 semper
347 3383 455 3422 suctores
467 3374 588 3423 tuerent.n
607 3375 677 3423 Adde

175 3446 312 3502 Heredum,
330 3448 376 3511 Ep.
392 3448 413 3496 1.
432 3448 457 3496 ii.
474 3450 498 3496 9.
531 3448 676 3504 Orationem,

174 3535 225 3584 que
239 3519 266 3567 id
276 3519 369 3575 madet,
379 3520 451 3569 habet
464 3521 589 3578 Homerus,
602 3522 632 3569 ll.
646 3527 677 3569 Η.

174 3595 224 3642 348
235 3608 290 3658 sqq.
324 3593 351 3641 le
360 3609 414 3642 curu
428 3594 580 3643 multitudiue
595 3595 676 3642 liene·

174 3675 226 3716 trmr
240 3669 268 3715 iu
284 3668 394 3716 intimum
408 3669 478 3716 maris
496 3668 628 3716 Hadriatici
646 3669 677 3716 si·

173 3757 232 3790 mm
241 3741 317 3795 venit,
328 3741 409 3804 ibique
421 3740 544 3789 Patavium
555 3741 677 3799 condidit;

178 3817 237 3865 ΕΒ.
254 3816 272 3864 1.
293 3818 351 3863 2⁴2.
386 3816 493 3871 Daunus,
511 3832 551 3864 rex
572 3816 677 3880 Apuliae,

175 3889 303 3938 Diomedis
320 3905 402 3948 socen
429 3891 514 3938 Strabo
531 3908 554 3938 v.
575 3891 625 3938 283
642 3906 679 3954 sq.

175 3964 214 4012 Ab
229 3978 261 4011 eo
271 3962 363 4028 Apulia
378 3964 485 4011 Dauniae
496 3964 562 4011 dicta
579 3963 678 4012 Horatio

174 4037 196 4086 1.
213 4037 264 4086 011.
284 4036 333 4084 xri.
348 4038 397 4095 14;
424 4037 472 4085 111.
494 4038 541 4086 od.
563 4054 618 4085 xxx.
640 4039 678 4084 11.

175 4109 568 4175 DioruedeeOEniderAEueiregis
576 4111 679 4166 OEtoliae,

734 2053 849 2101 Dionedir
858 2055 941 2114 compi,
951 2052 1007 2100 item
1020 2052 1142 2099 Diomeden
1154 2053 1232 2099 insula

731 2136 814 2175 contre
824 2127 881 2175 litus
891 2125 1006 2189 Apulum,
1015 2122 1139 2173 Diomedis
1151 2131 1230 2172 tumu-

732 2199 755 2247 lo
764 2200 895 2248 etdelubro
906 2197 991 2247 nobilis
1003 2216 1010 2256 ;
1027 2197 1129 2252 Plinius,
1140 2197 1172 2245 iii.
1184 2199 1231 2256 θος

731 2290 755 2320 rr.
767 2275 807 2322 61.
833 2274 1069 2322 AErrearvenittsrur.
1093 2271 1229 2320 Secundum

731 2347 865 2411 Virgilium,
892 2356 982 2411 septem
1011 2346 1059 2394 lere
1090 2360 1164 2393 annue
1188 2358 1232 2407 per

730 2422 804 2479 maria
814 2432 838 2470 et
851 2429 924 2469 terras
938 2420 1032 2469 errauit.
1066 2418 1129 2469 Vide
1142 2417 1229 2482 lleynii

729 2496 859 2544 Excursum
877 2494 903 2543 ii.
919 2494 949 2542 ad
968 2495 1024 2542 AEn.
1035 2492 1070 2541 iii.
1082 2505 1228 2558 quamquam

730 2570 843 2632 Virgilius
864 2569 957 2633 ipsein
979 2577 1014 2616 tot
1033 2582 1108 2616 annos
1126 2566 1179 2630 ejus
1193 2581 1231 2614 er-

729 2660 794 2692 rores
805 2642 912 2707 digessit.

763 2719 803 2764 79.
820 2715 938 2764 Sulmonis
949 2716 1058 2779 origines.
1083 2715 1170 2770 Sulmo,
1181 2729 1231 2762 me·

730 2790 827 2854 impolis
844 2789 1005 2851 Peligoomnr,
1020 2787 1111 2835 distans
1126 2786 1157 2835 ab
1173 2787 1231 2835 urbe

730 2863 805 2910 millia
821 2863 902 2910 novies
914 2862 998 2909 decem
1014 2875 1136 2925 passuum,
1147 2874 1230 2924 parre,

728 2935 770 2983 sed
785 2927 877 2999 irriguis
891 2934 992 2983 ulubris
1006 2934 1087 2997 aquis;
1103 2933 1173 2980 Trist.
1184 2933 1231 2981 lv.

729 3026 754 3057 x.
765 3012 793 3066 4;
810 3009 871 3056 inire
881 3023 929 3056 ver.
939 3007 988 3055 685
998 3021 1043 3069 sqq
1056 3023 1062 3064 ;
1080 3007 1195 3053 Amorum
1204 3004 1229 3051 ii.

733 3083 771 3137 16,
782 3082 835 3129 init.
854 3081 913 3127 Eum
925 3078 1103 3127 conditumeue
1116 3078 1230 3132 tSolimo,

730 3165 780 3210 aut,
788 3164 813 3202 ut
821 3154 862 3201 alii
871 3168 929 3216 quoe
941 3151 1074 3199 Mitscherl.
1082 3161 1178 3197 secutus
1184 3158 1230 3206 eet,

731 3227 844 3280 scribunt,
853 3227 950 3286 Solymo,
958 3225 1042 3271 AEnee
1050 3222 1144 3277 comite,
1152 3231 1231 3270 utrm

727 3310 751 3349 et
762 3299 833 3346 Silius
841 3301 875 3345 ir.
886 3298 918 3345 70
926 3312 980 3360 sqq.
1020 3295 1111 3343 Gloese
1122 3294 1147 3343 io
1158 3295 1229 3343 MSS.

729 3373 824 3421 Vaticc.
835 3370 935 3425 addunt,
954 3369 1016 3418 huuc
1033 3368 1155 3431 Solymum
1170 3384 1227 3416 uxo·

729 3462 777 3495 rem
794 3445 888 3493 duxissa
903 3444 975 3492 liliam
991 3445 1091 3502 AEneer5
1108 3443 1150 3491 aed
1167 3442 1227 3491 Clu·

727 3519 813 3575 vorius,
828 3518 883 3566 Ital.
893 3517 978 3581 Antiq.
988 3517 1016 3565 ii.
1030 3517 1068 3565 14.
1084 3515 1165 3564 fictam
1178 3531 1230 3564 ruo-

728 3602 769 3641 net
787 3594 848 3640 hauc
867 3591 973 3639 fabulam
988 3588 1184 3638 evocabulorum
1198 3588 1230 3636 si·

730 3666 873 3715 militudiue.
887 3665 985 3713 Gelidum
993 3665 1072 3712 Sulmo
1082 3662 1155 3711 etiem
1166 3661 1231 3727 apud

728 3741 812 3790 Silium
833 3739 891 3797 viii,
911 3740 994 3804 gelide
1020 3737 1140 3786 Sulmonis
1160 3738 1229 3784 unde

729 3816 774 3864 IV.
782 3813 853 3862 Trist.
864 3830 888 3862 x.
899 3815 922 3862 3.
948 3811 1078 3862 Commode
1089 3811 1184 3858 delatus
1194 3816 1232 3857 est

729 3904 805 3938 rerum
826 3887 886 3936 serie
907 3887 938 3935 ad
959 3886 1075 3951 petriam
1108 3881 1231 3933 commode

728 3961 801 4011 etiam
818 3976 846 4009 ea
857 3959 972 4025 gemitum
985 3958 1108 4024 expressit,
1119 3971 1193 4020 quum
1205 3956 1231 4003 in

728 4034 810 4083 exsilio
821 4034 872 4082 hec
884 4040 1030 4082 retractaret.
1054 4031 1159 4094 Scythico
1169 4031 1215 4076 mlo
1220 4045 1229 4084 ς

733 4111 754 4157 l.
771 4109 841 4156 Trist.
862 4107 896 4155 iii.
915 4110 960 4157 61:
980 4105 1104 4169 “Scythia
1120 4113 1164 4158 est,
1182 4116 1232 4164 quo

174 4197 256 4248 nepot,
273 4181 352 4246 Tydei
367 4182 439 4233 lilius.
472 4185 501 4232 In
521 4184 611 4248 Apulia
627 4184 683 4232 olim
736 4182 874 4231 mittimur.”
