2806 5018
391 385 447 451 IN
470 384 633 451 OVIDII
656 384 775 451 IBIN.
1039 380 1105 447 527

54 572 137 637 ceps
158 555 264 631 datus,
279 558 448 621 confractis
467 558 617 622 membris
636 557 807 642 expiravit.
851 555 1015 620 Caeterum
1029 549 1104 619 cal-

53 655 211 722 limachus
225 658 431 742 Apollonium
447 660 548 724 Ibidis
570 660 709 735 nomine,
725 681 799 744 quae
822 667 873 722 est
896 659 964 723 avis
979 657 1104 744 AEgyp-

54 760 113 834 tia,
141 769 251 824 notum
274 784 346 826 esse
370 764 481 837 voluit,
502 784 564 827 uon
588 771 719 846 propter
742 761 812 845 ejus
835 763 1031 844 spurcitiam,
1053 761 1106 825 cui

54 863 150 924 rostri
167 864 352 927 aduncitate
373 885 431 948 per
447 886 517 927 eam
532 885 567 927 se
584 871 706 947 partem
726 863 873 945 proluere
893 863 1023 927 insitum
1043 871 1105 939 est,

56 983 124 1045 qua
138 963 316 1027 redduntur
331 966 473 1029 ciborum
489 986 596 1038 onera,
613 975 649 1026 ut
665 963 864 1027 Miuutianus
879 966 1106 1049 grammaticus

56 1064 145 1146 apud
169 1062 310 1127 Coelium
334 1065 564 1149 Rhodiginum,
581 1065 694 1147 Antiq.
712 1063 857 1128 Lection.
872 1064 926 1128 lib.
947 1066 1014 1128 xiii.
1034 1088 1106 1150 cap.

58 1163 99 1237 l;
122 1163 281 1239 Alciatus
299 1165 500 1230 Emhlemate
520 1166 581 1239 86;
605 1166 765 1239 Zarottus,
782 1174 815 1228 et
835 1165 981 1249 plerique
1002 1187 1107 1251 gram·

58 1265 248 1330 maticorum
262 1267 466 1342 existimant3
489 1288 548 1330 uec
560 1267 668 1340 etiam,
681 1268 767 1350 quod
783 1266 907 1330 libellus
919 1266 1107 1332 Callimachi

60 1365 139 1428 diris
165 1376 199 1429 et
228 1368 500 1432 exsecrationibus
526 1376 613 1431 esset
638 1369 785 1441 refertus,
813 1389 885 1450 quae
911 1369 1107 1452 serpentium

60 1467 172 1542 instar,
183 1469 298 1552 quibus
314 1469 382 1533 Ibis
394 1471 544 1545 vescitur,
554 1470 759 1554 Apollonium
775 1471 957 1533 morderent
971 1488 1008 1534 uc
1023 1470 1107 1535 lace·

61 1578 172 1632 tarent
185 1574 272 1653 (quas
287 1573 446 1635 sententia
460 1582 510 1635 est
522 1572 613 1634 Laelii
630 1572 778 1634 Bisciolae
793 1573 825 1634 in
842 1571 942 1635 Horis
957 1572 1108 1637 Subsedi-

62 1671 123 1744 ris,
142 1671 195 1736 lib.
212 1674 420 1757 v.cap.18:)
441 1677 498 1738 sed
518 1683 555 1737 ut
574 1673 774 1757 Apollonius,
793 1674 848 1757 qui
869 1673 1110 1739 Alexandrinus

59 1779 142 1847 erat,
158 1772 266 1859 aliqua
280 1796 322 1838 ex
337 1786 429 1858 parte
444 1775 647 1839 iudicaretur.
693 1774 849 1854 Quamvis
865 1777 949 1838 enim
963 1776 1111 1841 Rhodius

60 1873 235 1948 diceretur,
253 1876 509 1941 Alexandrinum
521 1887 627 1940 tamen
643 1877 742 1940 fuisse
757 1876 897 1959 prodidit
912 1876 1039 1951 Strabo,
1054 1879 1111 1944 lib.

60 1973 129 2036 xiv.
144 1995 219 2059 pag.
235 1977 289 2039 45.
305 1978 454 2042 editionis
476 2001 494 2042 a
514 1978 703 2040 Casaubono
723 1978 907 2060 recognitae,
924 1977 971 2042 his
986 1979 1111 2042 verbis:

62 2081 190 2145 Διονύσιος
207 2079 234 2136 δὲ
247 2085 259 2136 ὅ
273 2079 356 2156 Θρὰξ,
370 2086 416 2138 καὶ
433 2086 596 2148 ’Arvandum
613 2086 624 2137 d
642 2083 698 2146 τοὺς
718 2086 889 2155 Ἀργοναύτας
901 2084 1018 2152 ποιήσας,
1032 2089 1110 2140 Ἀλε-

60 2177 175 2256 ξαυδρεῒς
190 2181 247 2254 μὲν,
263 2190 399 2240 ἐκαλοῦντο
420 2184 446 2241 δὲ
458 2184 553 2241 Ῥόδιοι.
599 2181 813 2264 “Dionysius
838 2203 912 2244 vero
932 2182 1052 2257 Thrax,
1076 2193 1112 2249 et

62 2280 267 2364 Apollonius,
280 2281 570 2367 Argonautieorum
586 2283 740 2355 conditor,
754 2282 966 2346 Alexandrini
980 2286 1110 2367 quidem

62 2382 197 2458 fuerint,
220 2385 278 2448 scd
307 2385 457 2447 nominati
484 2394 557 2447 sunt
583 2384 732 2448 Rhodii.’'
785 2391 948 2454 Ἀπολλώνιος
974 2385 1113 2450 Suidasz

62 2483 243 2563 Ἀλεξανδρεὺς
256 2495 320 2546 ἐπῶν
333 2490 435 2558 ποιητὴς
448 2493 585 2565 διατρίψας
598 2495 623 2546 ἐν
635 2488 719 2561 Ῥόδῳ,
733 2494 782 2556 υίὸς
795 2489 912 2555 Σιλλέως.
935 2487 1020 2551 Item
1036 2510 1111 2553 ano·

64 2608 180 2672 nymus
202 2599 323 2663 auctor,
339 2590 394 2671 qui
417 2590 543 2672 scripsit
563 2594 632 2666 γένος
650 2596 816 2649 Ἀπολλωνίου
832 2601 876 2650 τοῦ
890 2596 992 2650 Ῥοδίου·
1014 2612 1115 2673 quan-

63 2710 162 2773 quam
177 2689 336 2762 AEliauus,
352 2690 393 2753 de
408 2688 620 2765 Animalibus,
636 2692 690 2754 lib.
705 2714 760 2756 xv.
776 2714 845 2775 cap.
860 2694 914 2757 ⁶23.
930 2715 1004 2756 eum
1022 2693 1112 2756 Nau·
1179 2682 1186 2689 ⁶

63 2791 213 2854 cratitarn
241 2791 349 2854 facere
379 2792 515 2855 videtur.
570 2792 637 2856 Sed
668 2803 830 2876 utcunque
859 2803 919 2868 est,
947 2794 1115 2877 AEgyptus

66 2894 171 2975 patria
195 2893 277 2954 fuit:
313 2893 483 2956 Naucratis
510 2893 595 2955 enim
621 2895 696 2954 urbs
722 2902 772 2955 est
796 2894 945 2977 AEgypti.
990 2895 1112 2971 Quam-

64 2995 176 3060 obrem
191 2994 287 3080 longe
302 2995 423 3058 fallitur
432 2995 576 3059 doannes
590 2995 760 3067 Meursius,
774 2996 839 3076 qui,
852 2996 1062 3080 Syutapmote
1076 2993 1117 3056 de

64 3097 255 3183 Apolloniic,
271 3118 328 3180 pro
349 3097 483 3159 diversis
503 3097 598 3160 habet
615 3095 776 3159 Rhodium
799 3103 832 3157 et
846 3093 1114 3168 Alexandrinum,

66 3198 161 3262 Sillei
179 3198 290 3271 filium,
305 3200 360 3282 qui
381 3196 584 3262 Eratostheni
607 3197 639 3259 in
659 3195 889 3259 Alexandrinae
911 3195 1116 3259 bibliothecas

66 3299 259 3383 praefectura
270 3301 434 3363 successit.
480 3298 615 3361 Ovidius
631 3305 750 3369 autem,
762 3295 948 3360 Callimachi
965 3296 1115 3380 exemplo

66 3401 231 3464 inimicum
259 3422 352 3464 suum
379 3402 451 3464 lbin
478 3400 656 3484 appellasse
683 3400 820 3471 videtur,
846 3398 1114 3480 quemadmodum

66 3500 194 3566 Tullius
215 3503 386 3566 Orationes
410 3524 482 3566 suas
504 3504 536 3565 iu
556 3500 745 3574 Antonium,
764 3498 991 3564 Demosthenis
1012 3499 1114 3563 imita-

67 3607 168 3676 tione,
190 3603 385 3686 Philippicas
408 3604 578 3687 inscripsit,
601 3604 649 3666 uti
671 3602 768 3677 etiam
791 3602 917 3683 Trogus
941 3600 1118 3685 Pompeius

67 3705 215 3770 historias
248 3725 333 3777 suas,
365 3705 566 3769 aemulatione
594 3704 804 3786 Theopompi,
834 3703 889 3785 qui
920 3702 1116 3787 Philippicas

67 3808 252 3891 scripserat.
299 3805 368 3868 Sed
391 3806 491 3890 magis
514 3814 622 3869 estut
650 3806 779 3867 credam
804 3804 943 3868 Nasonis
967 3805 1116 3870 adversa-

68 3910 152 3973 rium
169 3907 269 3972 Ibidis
287 3909 414 3971 nomine
436 3909 648 3991 designatum,
665 3906 751 3988 quod
770 3906 795 3967 is
812 3927 926 3969 revera
940 3905 1117 3990 AEgyptius

69 4019 168 4085 esset,
184 4011 305 4092 quade
326 4031 360 4073 re
381 4011 529 4093 sequenti
544 4009 648 4092 capite
670 4009 880 4072 disseremus:
905 4028 976 4070 uam
994 4016 1028 4069 et
1044 4008 1117 4069 Ari-

66 4111 240 4194 stophanes
261 4111 291 4173 in
308 4110 432 4175 Avibus
455 4112 637 4196 Lycurgum
658 4111 729 4173 Ibin
749 4111 932 4183 nominarit,
949 4115 1119 4190 propterea
