2806 5018
171 366 237 431 aar
567 365 826 457 excussus

177 547 246 601 tat:
272 548 294 575 ‘⁶
309 539 446 601 Latebat
460 538 544 600 inter
558 559 659 622 nugas
675 558 762 601 meas
781 536 907 602 libellus
925 536 1083 621 ignobilis
1091 537 1122 610 ;'’
1141 534 1224 618 paulo

178 649 270 723 post:
293 650 315 676 “
328 639 433 723 Igitur
446 640 507 702 iste
523 653 659 722 nugator
673 638 797 702 libellus
809 639 934 702 tamdiu
948 646 1082 702 secreta
1091 637 1223 721 quiden,

179 750 238 812 sed
260 749 348 833 vulgi
375 749 511 812 lectione
534 748 703 823 laceratus,
726 748 875 832 pervenit
902 749 1040 811 tandem
1067 748 1100 810 in
1126 766 1226 810 manns

180 851 282 914 tuas.’'
326 851 486 934 Idemque
508 851 731 934 Protrepticou
752 872 844 913 suum
865 850 907 912 de
928 849 1052 933 puerili
1072 847 1177 912 studio
1196 846 1225 908 li·

180 957 298 1022 bellum
314 960 455 1023 nominat
470 960 605 1042 epistola
619 960 660 1023 ad
669 958 884 1042 Hesperium:
909 968 932 993 ⁴⁸
944 957 1122 1031 Libellum,
1139 976 1224 1040 quem

180 1060 220 1123 ad
242 1062 428 1143 nepotulum
444 1082 560 1134 meum,
577 1059 692 1122 sororis
710 1068 774 1121 tnoe
793 1058 904 1133 filium,
920 1058 1025 1120 instar
1040 1055 1226 1140 Protreptici

181 1160 330 1233 luseram,
348 1171 500 1226 venturus
513 1162 570 1225 tibi
588 1162 726 1244 praemisi
740 1160 943 1245 legendum.”
980 1158 1040 1222 Sic
1058 1161 1157 1222 etiam
1172 1157 1224 1221 Pa·

181 1262 286 1344 pinius
310 1261 446 1325 Silvulas
470 1283 543 1325 suas
568 1261 709 1325 Libellos
727 1262 879 1344 adpellat,
900 1260 1117 1334 Praefatione,
1138 1259 1190 1323 lib.
1206 1258 1224 1322 i.

181 1365 221 1427 ad
240 1363 392 1437 Stellam3
414 1385 534 1436 rursus,
551 1362 683 1426 Praelat.
700 1363 754 1425 lib.
765 1363 798 1425 ii.
811 1363 851 1426 ad
868 1361 1043 1425 Meliorem
1058 1361 1225 1430 Atediunz

179 1465 306 1538 iterum,
331 1465 463 1528 Praefat.
490 1464 543 1528 lib.
565 1465 609 1526 iii.
634 1466 674 1527 ad
699 1464 856 1537 Pollium;
885 1472 920 1526 et
942 1463 1000 1526 lib.
1024 1464 1069 1526 iv.
1098 1462 1224 1526 Hende·

179 1565 276 1649 oasyl.
295 1565 337 1628 ad
359 1565 510 1628 Plotium.
548 1564 636 1644 Quin
660 1566 757 1628 etiam
773 1565 995 1649 jurisconsulti
1018 1587 1060 1629 ea
1080 1565 1224 1635 carmina

180 1668 296 1751 quibus
326 1666 459 1750 alicujus
488 1666 574 1729 t‘ama
602 1667 825 1750 proscinditur,
852 1667 1036 1750 eujusmodi
1069 1672 1146 1729 sunt
1172 1666 1226 1727 ista

183 1768 354 1841 Ovidiana,
380 1769 517 1831 famosos
542 1768 664 1831 libellos
686 1777 810 1831 vocant.
864 1767 949 1830 Haec
975 1776 1091 1831 autem
1116 1768 1228 1830 minora

180 1869 316 1932 fortasse
342 1869 545 1942 videbuntur,
572 1890 666 1951 quam
687 1878 724 1932 ut
752 1867 1027 1932 animadversione
1055 1869 1157 1954 digna
1183 1888 1226 1930 es

181 1979 264 2035 seut.
280 1989 284 1992 ·
302 1970 421 2034 Parum
441 1972 526 2034 enim
546 1970 730 2053 reipublicae
750 1970 898 2033 literariae
914 1970 1054 2033 interest
1066 1971 1167 2034 Dirce
1179 1989 1225 2039 ne,

180 2093 221 2135 an
243 2071 385 2136 Libellus
408 2071 466 2134 boc
490 2071 668 2154 poemation
686 2071 895 2134 inscribatur:
920 2092 1036 2134 verum
1057 2071 1226 2156 legitimam

181 2174 395 2256 scriptionem,
412 2181 509 2255 atque
530 2172 629 2254 ipsam
652 2170 792 2234 Nasonis
811 2192 939 2234 manum
959 2171 1137 2235 immature
1157 2169 1228 2234 nulli

181 2296 240 2358 per
260 2295 311 2336 me
331 2273 450 2336 licebit.
496 2271 545 2335 Ut
561 2281 597 2335 ut
617 2272 669 2346 sit,
686 2271 825 2335 Nasonis
839 2280 948 2335 votnm
963 2293 1062 2336 omne
1080 2273 1115 2336 in
1133 2273 1225 2343 malis,

179 2375 339 2447 monstris,
353 2373 480 2446 morbis,
490 2372 622 2445 exsiliis,
633 2372 807 2455 suppliciis,
820 2373 933 2457 plagis,
945 2374 1115 2449 mortibus,
1127 2375 1224 2458 cnjus

180 2474 266 2536 modi
284 2494 412 2535 carmen
427 2473 518 2535 diros
532 2472 744 2554 appellabant,
760 2474 846 2556 quod
866 2473 929 2536 illae
950 2474 1079 2539 seilicet
1102 2475 1224 2538 ultrices

179 2575 261 2638 Deae
277 2583 476 2656 putarentur,
493 2595 627 2656 quarum
644 2575 773 2637 numina
789 2575 937 2657 precibus
954 2575 987 2637 in
1007 2575 1158 2651 bostium,
1173 2583 1223 2638 aut

175 2675 374 2737 inimicorum
388 2675 561 2756 perniciem
575 2686 795 2739 evocarentur.
829 2675 975 2739 Priscum
990 2675 1071 2740 illud
1084 2678 1219 2761 quidem,

176 2786 272 2859 atque
303 2777 335 2837 in
360 2778 463 2839 scenis
487 2779 621 2859 primum
651 2780 815 2862 agitatum,
842 2799 917 2840 mox
943 2778 985 2840 acl
1013 2780 1220 2841 recentiorum

176 2880 297 2941 animos
322 2880 605 2952 accommodatum,
623 2888 657 2942 ut
678 2880 877 2942 observatum
897 2886 948 2939 est
971 2900 992 2941 a
1014 2879 1107 2943 Julio
1128 2879 1217 2942 Scali

177 3001 266 3062 gero,
284 2980 433 3041 Poetioes
455 2980 507 3041 lib.
525 2981 544 3041 i.
562 3001 633 3063 cap.
649 2979 702 3041 53.
749 2979 933 3042 Exornatur
954 2988 1077 3053 autem,
1100 2989 1135 3042 ut
1158 2981 1217 3062 ipse

175 3081 230 3152 ait,
247 3082 413 3142 sententiis
428 3103 489 3142 non
503 3080 695 3162 vulgaribus,
713 3089 747 3141 et
758 3080 851 3141 variis
866 3079 1068 3145 historiarum
1086 3082 1214 3164 ambagi-

176 3180 244 3252 bus,
268 3183 374 3263 qualia
395 3182 520 3263 scripsit
541 3181 678 3244 Ovidius
702 3180 734 3242 iu
757 3179 839 3242 Ibin.
885 3179 926 3243 In
953 3181 1086 3245 Horatii
1112 3183 1213 3266 Epodo

173 3280 294 3364 aliquid
310 3283 455 3366 imaginis
472 3292 539 3345 est:
556 3282 737 3364 expressior
750 3284 835 3364 apud
848 3281 1013 3346 Catullum
1026 3286 1059 3347 iu
1072 3286 1212 3349 Ariadne

175 3384 415 3465 conquestione,
439 3394 472 3445 et
498 3384 529 3445 in
556 3393 668 3464 quarto
694 3384 860 3447 AEneidos.
907 3383 993 3447 Item
1022 3409 1097 3470 quae
1121 3387 1211 3449 fundit

175 3482 338 3546 Statianus
360 3485 511 3566 OEdipus,
533 3495 658 3568 sumpta
680 3487 720 3548 de
739 3485 863 3549 Graecis
888 3488 1032 3572 tragicis,
1051 3499 1087 3552 ut
1111 3502 1144 3553 et
1163 3489 1206 3550 Sc·

173 3604 261 3648 necae
275 3586 419 3649 Theseus
434 3609 477 3650 ex
494 3586 660 3669 Euripide.
