2806 5018
493 347 754 415 FASTORUM
777 350 869 418 ΜΒ.
894 352 924 418 1.
1187 361 1231 429 19

177 512 305 591 Multa
321 515 475 613 quidem
493 519 630 594 didici:
660 523 812 597 sedeur
829 526 971 598 navalis
990 527 1028 602 in
1045 553 1119 604 aere

231 628 359 705 Altera
376 632 526 729 signata
542 647 613 723 est,
632 636 749 711 altera
766 637 885 713 forma
903 641 1059 741 biceps?
1153 651 1229 723 230

176 745 213 818 N
217 770 347 821 oscere
364 771 425 822 me
443 751 585 848 duplici
604 753 793 850 possesio
811 753 985 853 imagine,
1005 758 1124 848 dixit3

229 860 280 933 Ni
298 873 405 936 vetus
423 864 507 962 ipsa
522 867 605 941 dies
623 879 848 943 extenuaret
865 895 974 967 opus.

177 976 307 1052 Causa
318 980 408 1052 ratis
419 992 613 1078 superest:
634 983 802 1058 Tuscum
817 996 895 1060 rute
910 987 1062 1061 venitin
1077 1013 1226 1066 amnem

227 1092 328 1166 Ante
344 1107 535 1192 pererrato
552 1096 696 1172 falcifer
713 1099 804 1172 orbe
823 1099 942 1172 Deus.

176 1205 263 1281 Hac
280 1232 351 1304 ego
371 1209 577 1307 Saturnum
594 1213 748 1287 memini
766 1215 900 1288 tellure
918 1229 1131 1315 receptum:
1151 1226 1225 1296 235

229 1323 429 1398 Coelitibus
447 1328 573 1424 regnis
591 1330 640 1401 ab
657 1328 752 1403 Jove
769 1331 901 1429 pulsus
920 1343 1012 1407 erut.

176 1439 273 1513 lnde
290 1441 356 1514 diu
373 1444 483 1538 genti
494 1445 633 1517 mansit
652 1445 829 1520 Saturnia
847 1472 1005 1523 nomen:

228 1555 344 1628 Dicta
360 1581 513 1655 quoque
526 1572 586 1632 est
603 1558 752 1633 Latium
770 1572 880 1648 terra,
900 1563 1043 1638 latente
1063 1565 1160 1640 Deo.

174 1669 228 1742 At
244 1671 346 1744 bona
362 1673 563 1769 posteritas
580 1675 740 1772 puppim
758 1676 922 1750 servavit
939 1678 978 1749 in
995 1703 1082 1767 aere,

227 1783 400 1884 Hospitis
418 1787 620 1862 adveutum
637 1790 839 1864 testificata
856 1791 943 1866 Dei.
1149 1800 1224 1870 240

174 1900 265 1999 Ipse
284 1903 406 1975 solum
424 1904 536 1990 colui,
555 1907 663 2001 cujus
681 1905 938 2002 placidissima
954 1909 1086 1983 laevum

225 2015 345 2090 Radit
360 2018 506 2091 arenosi
524 2018 688 2093 Tibridis
706 2021 809 2093 unda
824 2021 935 2094 latus.

174 2177 324 2229 adAEnaii.
343 2180 597 2239 Sedcurnonclmtc.
617 2183 673 2232 Ma·
723 2190 797 2241 secet,
809 2181 915 2244 incidat3
931 2183 1041 2234 Macrob.
1053 2183 1071 2232 i.
1084 2185 1107 2233 Β.
1137 2184 1223 2248 Κωφ-

173 2254 276 2311 crobius,
297 2255 350 2304 Sat.
372 2255 389 2303 i.
410 2257 433 2305 7.
461 2258 566 2315 “Quum
585 2255 674 2321 primus
724 2268 773 2306 tum
788 2257 848 2308 *unilt
868 2273 883 2306 a
904 2275 950 2309 mc.
996 2261 1032 2308 At
1052 2259 1110 2322 Jove
1126 2259 1224 2322 pulsus,-

175 2342 270 2392 quoque
285 2343 333 2376 mm
354 2329 466 2394 signaret,
484 2329 588 2378 servavit
605 2339 630 2378 et
648 2329 672 2378 in
722 2329 834 2378 Mamob.
869 2337 886 2359 “
896 2331 1013 2380 Eumdem
1028 2347 1043 2380 a
1057 2331 1105 2381 lilio
1119 2332 1224 2397 pulsum,

173 2399 218 2448 ltoc
232 2401 329 2450 Saturni
341 2403 504 2460 reverentiam,
519 2413 546 2452 ut
561 2404 673 2468 quoniam
723 2403 780 2465 quid
794 2403 860 2453 aliud
876 2414 920 2463 ent,
931 2420 1005 2470 quam
1021 2413 1128 2471 tempora
1142 2421 1224 2457 unes·

172 2472 214 2521 ille
225 2473 281 2522 navi
296 2475 372 2523 luerat
385 2476 506 2533 advectus,
517 2493 546 2526 ex
561 2492 608 2525 una
619 2476 672 2541 qui·
722 2475 801 2524 centia
822 2478 852 2526 ab
873 2478 918 2536 hir,
935 2495 988 2543 ques
1008 2490 1062 2544 post
1082 2486 1138 2528 sunt
1154 2488 1222 2539 nata,

173 2548 229 2597 dem
240 2549 548 2617 parternicupitireffigies,
556 2567 584 2600 ex
596 2551 672 2600 ultera
722 2547 844 2613 depellir’
856 2552 977 2601 Saturnio.
994 2553 1024 2601 In
1033 2553 1140 2617 inscript.
1149 2568 1222 2618 quum

173 2637 230 2669 vero
244 2621 312 2671 nevis
325 2621 502 2687 exprimeretur,
515 2640 563 2689 quo
577 2624 671 2673 Saturni
721 2622 851 2689 Dionysius
859 2626 939 2675 Hulic.
950 2626 1069 2676 Archnol.
1080 2625 1097 2674 i.
1108 2628 1146 2676 ll.
1157 2643 1222 2676 com-

173 2695 312 2744 memoriam
323 2697 393 2744 etiam
405 2695 430 2746 in
442 2706 546 2762 posteros
555 2712 672 2763 propugn-
721 2706 836 2745 memorat
848 2700 958 2764 Στείχετε
969 2700 1100 2765 μαιόμενοι
1115 2702 1223 2752 &selein

172 2769 236 2818 ret.’'
271 2770 359 2820 Confer
374 2769 508 2818 Minucium
523 2772 633 2830 Fel.22;
647 2778 673 2821 et
722 2771 864 2835 Σατορνίαν
872 2773 1076 2839 ἆιανᾸάεωοιρ.
1084 2775 1223 2833 2l.narret,

174 2843 323 2908 cyprianum
333 2844 365 2893 de
374 2844 527 2893 Idotvanit.
537 2846 555 2893 i.
565 2848 581 2894 3
587 2863 595 2905 ς
611 2846 671 2894 Luc·
721 2851 777 2893 ante
790 2845 901 2895 Herculis
915 2847 1043 2896 adventum
1059 2856 1133 2896 totum
1141 2863 1222 2907 oram,

174 2918 277 2965 tantium
297 2919 357 2966 lust.
377 2918 398 2967 1.
414 2917 464 2966 xiii.
483 2919 507 2965 7.
524 2918 563 2966 ubi
582 2918 672 2968 nummi
722 2931 775 2980 que
794 2926 847 2982 poet
863 2919 935 2969 Italia
954 2919 1029 2976 dicta,
1048 2921 1150 2969 Saturno
1167 2920 1222 2970 Deo

173 3000 274 3046 veteres,
285 2992 368 3055 quales
378 2990 417 3039 lric
427 2991 600 3048 describuntur,
608 3006 673 3040 com·
722 2989 794 3040 luisse
810 3000 935 3051 sacratum,
950 3003 976 3042 et
993 2994 1024 3041 ab
1041 2991 1126 3042 incoli·
1141 2994 1222 3042 Sutur-

173 3074 340 3115 mcmurantnr.
373 3064 479 3113 Omnino
496 3064 551 3113 vide
573 3064 672 3115 Rasclrii
722 3062 787 3112 nium
817 3075 942 3127 vocatam3
968 3082 1020 3117 csse
1047 3068 1120 3115 etiam
1151 3067 1223 3115 urben

174 3139 259 3188 Iaexic.
280 3154 371 3187 numar.
391 3155 442 3188 voc.
458 3139 541 3187 Junur.
576 3139 674 3189 Navalis
722 3137 948 3203 quasdam,quaeitu
960 3139 1117 3205 appellentur.
1133 3140 1222 3188 Janum

172 3212 542 3277 [mlomnnavintigmrnr
561 3212 673 3262 Heinsius
722 3208 800 3274 ipsum
827 3220 895 3259 terrra
917 3210 962 3259 hoc
987 3225 1076 3259 nomen
1100 3209 1223 3270 indidisse,

173 3291 265 3352 signato
281 3286 396 3335 malebat.
430 3285 526 3334 Nouem
543 3303 577 3334 me
594 3303 672 3347 porus,
722 3295 803 3332 auctor
813 3292 849 3333 ert
860 3285 970 3333 Macrob.
981 3286 1033 3353 Sat.
1042 3284 1059 3333 i.
1071 3285 1095 3332 7.
1117 3284 1222 3345 Latium,

173 3369 222 3409 etc.
232 3374 348 3416 nosceres,
357 3357 481 3423 bicipitem
493 3358 560 3408 illum
574 3359 673 3407 sormam
724 3359 808 3405 latente
821 3357 878 3405 Deo.
910 3356 950 3405 Sic
961 3356 1032 3421 vulgo
1042 3357 1167 3423 putabant.
1178 3358 1220 3409 de·

173 3449 227 3485 erse
245 3433 292 3482 mei
307 3432 400 3498 capitis,
422 3447 460 3481 me
480 3433 557 3498 ipsum
579 3434 673 3490 referre,
722 3429 787 3495 cepti
797 3431 878 3496 inepte
889 3430 1043 3495 etymologis.
1063 3430 1143 3481 Etiam
1153 3431 1222 3498 Virg.

173 3509 220 3558 nisi
241 3515 343 3572 tempus,
363 3505 427 3570 quod
446 3506 527 3555 omnia
552 3515 673 3563 extenuat,
723 3504 897 3554 AEn.viii.320
906 3522 960 3571 sqq.
978 3506 1138 3571 Boumgruta.
1157 3507 1222 3570 Pup·

173 3581 341 3631 etiaminere
356 3578 397 3629 illo
411 3579 616 3628 lineamentuoris
625 3579 673 3628 mei
720 3583 768 3640 pim
784 3582 892 3629 seruaoit.
925 3579 1019 3644 Nempe
1036 3578 1106 3627 multi
1124 3580 1223 3637 nummi,

173 3654 332 3710 obliterasset,
342 3662 483 3709 extenuaret,
494 3653 610 3701 minueret
618 3668 672 3718 par·
722 3651 792 3700 etium
803 3660 856 3718 pont
870 3651 944 3701 Servii
960 3651 1033 3700 Tullii
1050 3659 1157 3718 tempom
1171 3653 1221 3718 rig·

174 3741 221 3780 tes.
254 3728 322 3777 Male
332 3726 422 3776 librarii
433 3736 572 3775 entmunuet
586 3727 673 3775 substi-
723 3723 782 3780 nati,
800 3735 895 3774 servant
915 3723 953 3773 vel
975 3724 1032 3774 Jani
1053 3724 1221 3776 biformisvel

173 3812 287 3863 tuerunt5
304 3802 396 3850 Auctor
405 3800 468 3848 euim
480 3800 587 3850 universe
596 3800 673 3865 loqui·
723 3798 790 3846 navis
801 3799 908 3862 figuram.
931 3796 993 3846 Inde
1000 3797 1060 3846 torte
1069 3796 1149 3862 opinio
1157 3805 1223 3856 nuta,

172 3888 224 3927 m,
720 3873 770 3936 jum
781 3873 869 3920 Jnuum
879 3871 984 3935 signasse
996 3886 1112 3919 nummos.
1130 3871 1223 3922 levum

208 3952 266 4000 2³³.
285 3947 591 4013 Faleuturnisymbolunr
601 3945 673 3995 fnisse
724 3948 794 3994 lutus.
820 3944 907 3993 Fabius
919 3944 1013 3993 Pictor:
1031 3944 1168 3994 ‘'Iannur
1177 3946 1222 3995 rub

171 4006 271 4093 pntutur
287 4022 438 4088 agricultura
454 4023 484 4070 ab
500 4021 550 4087 ipso
565 4021 590 4069 in
602 4019 675 4068 Italia
723 4018 817 4068 initium
832 4016 897 4067 aurei
912 4017 994 4067 saculi
1007 4018 1093 4066 levum
1106 4017 1170 4067 latus
1182 4017 1223 4066 Tr·

169 4107 283 4165 reperta.
315 4096 367 4146 Alii
382 4104 532 4160 eamputunt
541 4095 564 4142 ei
576 4093 674 4144 attribu·
723 4091 1025 4141 bnrislletrurimtenuiU?
1052 4091 1223 4154 Mersaque

174 4182 234 4232 turn,
251 4169 317 4238 quod
331 4178 425 4235 tempus
439 4168 517 4218 omnia
534 4175 616 4226 metat,
634 4183 674 4217 ex·
724 4168 870 4216 acrodmct
880 4163 1020 4215 mordendo
1031 4163 1223 4214 fluvioutueuu.
