2806 5018
174 355 240 420 affl
563 346 823 414 BXCURSUS

178 538 267 590 crtus
280 524 495 595 wnnnurio,
507 543 580 605 ane
596 521 750 583 lectorem
764 518 860 582 facile
872 518 908 578 in
920 536 1071 579 errore·
1084 514 1225 577 indunt

181 627 270 691 Fas
285 628 327 690 ir.
341 624 514 688 165-170
524 647 544 723 :¹

296 775 366 834 Nox
376 776 426 834 nbi
439 774 595 842 transierit,
608 773 771 850 uelnurqne
783 772 934 830 rubescere
945 769 1044 848 pinno

331 869 469 948 crepent,
482 879 514 926 et
526 879 611 926 tecta
623 887 687 925 rore
698 877 857 944 queratur
869 883 958 932 areu

296 962 516 1039 Senonumque
529 961 621 1019 fecem
634 958 753 1036 vigilata
764 970 849 1016 nnete
861 957 954 1015 τίω

336 1055 438 1123 rm,
452 1066 483 1113 et
495 1053 532 1112 ‚o
548 1054 665 1112 „ntum
678 1053 803 1112 reem
815 1053 871 1111 nst
882 1071 956 1130 ψ
963 1074 975 1121 ;

297 1149 428 1209 Pleiades
439 1149 584 1227 incipiunt
595 1147 729 1205 humeros
740 1145 869 1205 relevare
880 1156 1028 1223 prtum,
1039 1155 1099 1203 etc·

183 1288 270 1355 Fusa
289 1288 502 1373 descriptione
518 1298 643 1370 tempus
661 1287 852 1349 matutinum
869 1285 1002 1359 indicet,
1019 1286 1080 1348 ubi
1098 1307 1223 1370 ταφα-

182 1393 266 1455 tinus
281 1401 331 1455 est
344 1412 487 1454 occasus.
531 1388 585 1453 cf.
602 1388 698 1452 Ptau.
713 1411 745 1471 p.
759 1388 805 1452 (Β
818 1398 854 1451 et
866 1388 920 1450 64.

227 1492 316 1556 Post.
332 1514 362 1554 v.
379 1493 454 1555 545.
471 1489 612 1553 Noctem
631 1489 775 1552 contrahi
793 1499 829 1551 et
844 1489 1003 1572 aufugere
1020 1488 1121 1552 sniitn
1136 1489 1224 1552 citius

184 1594 289 1657 sideru
308 1614 437 1666 canens,
457 1606 494 1655 nt
513 1614 589 1656 mox
609 1591 822 1675 pulcherrime
841 1590 959 1655 Martis
980 1599 1143 1675 apparent
1161 1591 1222 1662 lux,

184 1693 233 1758 hir
249 1694 354 1757 verbis
369 1694 487 1756 utitur:

360 1835 1040 1915 SedquidetOrionetcoetcrssiderrmundo

397 1929 508 1989 Cedere
520 1930 669 1999 festinent,
682 1951 795 2009 noxque
807 1942 931 1990 currant
943 1932 1021 1990 iter?

186 2087 232 2150 ite
249 2096 285 2150 nt
305 2087 416 2161 Orion,
431 2109 524 2150 mene
541 2087 701 2161 occidens,
720 2109 868 2151 occasum
887 2087 1044 2152 festinare
1062 2091 1222 2161 ridentum

187 2189 243 2252 red
266 2188 333 2273 jam
358 2188 409 2251 die
432 2188 454 2251 9
475 2189 584 2272 April.
607 2187 696 2251 Fust.
721 2189 765 2252 iv.
790 2188 865 2253 387.
888 2189 999 2273 primm
1026 2192 1100 2275 ejus
1125 2202 1222 2276 portes

188 2293 312 2373 vesperi
328 2290 519 2364 occiderant,
531 2303 566 2352 ut
578 2289 714 2353 Ovidius
729 2291 772 2353 ibi
786 2291 997 2375 explicandus
1012 2302 1065 2356 est
1076 2315 1097 2355 e
1110 2293 1224 2357 Plinio:

190 2390 277 2454 Non.
294 2391 375 2475 Apr.
399 2402 420 2426 ‘¹
441 2390 541 2455 Orion
562 2403 597 2454 et
614 2391 752 2456 Gladius
772 2394 842 2477 ejus
865 2392 1023 2474 incipiunt
1045 2394 1224 2468 abscondi,”

188 2501 222 2554 et
242 2492 295 2555 die
309 2491 350 2557 ll
370 2492 448 2555 Maii
467 2492 598 2575 reliquae
619 2494 690 2576 ejus
710 2503 818 2577 portes
835 2503 957 2558 secntae
976 2506 1071 2558 erant
1089 2496 1179 2560 Fest
1195 2517 1223 2557 r.

188 2593 253 2659 493
274 2603 308 2657 et
327 2595 401 2658 494.
421 2594 478 2672 (cf.
501 2593 596 2657 Psau.
613 2617 644 2678 p.
666 2593 736 2675 84.)
755 2597 802 2659 ite
823 2607 917 2659 utne
935 2599 1064 2680 vesperi
1086 2599 1222 2682 quiden,

188 2696 304 2759 nedum
334 2717 389 2780 per
415 2695 539 2759 noctem
565 2706 599 2758 et
624 2721 723 2772 mone,
752 2699 836 2781 quod
864 2698 1002 2762 Ovidius
1025 2699 1108 2774 vult,
1132 2700 1223 2763 ullum

190 2795 317 2859 Orionis
336 2800 504 2883 vestigium
528 2800 557 2861 in
576 2800 659 2863 coeio
679 2811 775 2874 esset,
797 2811 932 2883 quatuor
952 2800 1067 2863 diebus
1087 2812 1159 2884 post
1177 2823 1224 2864 oc·

187 2919 294 2962 cusum
310 2900 380 2983 ejus
396 2901 627 2983 vespertinum:
651 2903 753 2965 locris
767 2903 940 2965 luculenter
953 2904 1021 2983 q'ur
1035 2904 1224 2986 imperitius

188 3003 344 3087 turquens!

232 3101 284 3166 cf.
300 3104 429 3186 insuper
443 3104 487 3166 iii.
503 3104 578 3168 403.
595 3127 667 3188 quae
683 3104 744 3168 huc
761 3106 858 3168 etiem
876 3106 1048 3189 pertinent.
1097 3106 1223 3191 Majoris

189 3204 257 3265 fere
280 3205 429 3267 momenti
452 3215 525 3268 sunt
547 3228 587 3268 ee
604 3204 683 3279 ioca,
705 3207 760 3268 ubi
778 3227 925 3269 occasum
947 3207 1045 3271 etium
1068 3217 1105 3270 et
1126 3217 1223 3271 ortum

189 3310 373 3370 commutari
395 3308 515 3371 nullum
537 3308 666 3372 dubium
689 3319 749 3371 est.
804 3309 843 3371 In
867 3309 1033 3371 bisetium
1056 3308 1138 3373 locis
1159 3330 1223 3372 raro

189 3417 316 3488 poetam
331 3410 564 3473 emendandum
581 3432 756 3485 censerem,
772 3420 805 3472 et
820 3411 924 3493 potius
939 3409 1052 3473 'vitium
1068 3411 1223 3475 interdum

190 3506 260 3589 ejus
281 3510 559 3593 negligentiaeve!
578 3511 661 3573 vitiis
680 3511 711 3573 in
730 3511 799 3595 ejus
818 3511 957 3573 sontibus
976 3511 1157 3603 tribuerim,
1174 3512 1222 3574 ubi

189 3609 282 3671 facile
309 3633 403 3675 voces
425 3634 551 3696 semper
573 3622 772 3677 recurrentes
794 3615 899 3676 oritur
920 3622 953 3675 et
974 3613 1092 3677 occidit
1116 3616 1223 3698 possim

190 3722 388 3777 commutatae
404 3737 473 3778 esse
490 3725 663 3798 poterant‘.

219 3886 228 3910 ⁶
247 3881 369 3944 Nusquam
387 3883 434 3931 sere
448 3884 590 3948 frequentius
606 3888 679 3935 libra·
731 3896 828 3950 quenter
848 3895 975 3942 recurrunt,
994 3887 1087 3936 dudum
1107 3903 1122 3935 u
1142 3886 1224 3936 criticis

188 3953 272 4001 riorum
292 3954 427 4003 oscitatione
448 3961 640 4009 commutationes
657 3971 681 4008 et
731 3961 880 4007 observatum
891 3970 935 4008 est.
962 3960 993 4007 Et
1003 3960 1073 4009 hodie
1086 3960 1137 4009 hec
1147 3960 1223 4009 crine

189 4027 365 4089 depravationes
380 4029 493 4077 admissus
506 4047 556 4079 esse
573 4050 642 4096 quam
656 4034 680 4081 in
731 4035 755 4082 in
771 4036 975 4100 parapegmetibus
989 4035 1083 4084 Grecis
1100 4035 1224 4084 exercende

189 4098 254 4156 locis,
272 4101 311 4149 ubi
330 4103 400 4150 verba
419 4104 527 4166 quedam
545 4121 620 4169 pauca
636 4106 680 4154 tre-
730 4117 774 4163 est,
791 4108 831 4156 ubi
850 4109 920 4156 verba
936 4109 1003 4172 ἑῷος,
1017 4106 1137 4173 ἑσπέριος,
1150 4107 1223 4159 tim.
