2806 5018
187 345 254 411 528
582 339 841 407 Excuasus

187 518 273 601 qnod
294 533 414 598 genere
434 520 468 575 et
489 512 628 576 moribus
644 511 820 597 AEgyptius
835 523 936 589 osset.
955 524 996 578 ut
1011 525 1110 580 vetus
1125 514 1233 580 Aristo

185 616 299 699 phanis
313 613 499 678 scholiastes
514 615 658 697 exponit.

554 982 755 1056 CAPUT
791 984 865 1058 IV.

281 1227 382 1271 lBlDlS
397 1226 516 1271 NOMEN
532 1226 751 1270 CONJECTURA
767 1226 1014 1286 Paneutstnuat,
1032 1230 1144 1273 FORTE

598 1335 818 1379 COMPERTUM·

184 1510 447 1604 NASCITUR
469 1558 527 1600 sua
549 1544 663 1620 sponte
685 1535 862 1599 obscuritas
883 1556 927 1599 ex
949 1536 1022 1601 istis
1043 1538 1225 1620 privatarum

183 1660 289 1702 rerum
314 1637 461 1712 historiis,
476 1637 591 1720 quibus
611 1637 708 1700 etiam
724 1636 815 1700 Naso
836 1637 950 1700 dedita
969 1658 1075 1721 opera
1091 1640 1228 1703 tenebras

183 1741 328 1813 effundit,
344 1747 382 1802 ut
400 1740 534 1803 arduum
554 1724 607 1814 sit,
622 1748 687 1802 tam
708 1738 814 1802 densis
833 1737 961 1802 nebulis
975 1740 1049 1803 veri
1068 1726 1226 1804 scintillam

183 1841 384 1924 exsculpere.
429 1839 501 1923 Ego
532 1848 649 1913 tamen,
679 1839 805 1903 incusso
833 1838 874 1902 sd
903 1838 995 1903 illum
1027 1840 1229 1905 tenebricoso

183 1943 352 2008 vetustatis
372 1941 498 2026 pyriten
519 1941 663 2025 chalybe,
679 1963 744 2005 non
761 1941 958 2005 mediocrem
975 1941 1088 2007 lucem
1107 1962 1230 2027 expres·

179 2066 291 2108 surum
326 2064 378 2107 me
413 2042 547 2106 confido.
593 2042 671 2117 Sed,
701 2051 874 2126 antequam
901 2045 1101 2108 sententium
1132 2066 1229 2129 roger.

181 2167 288 2229 opere
318 2145 456 2229 pretium
487 2152 537 2207 est
563 2152 707 2207 veterem
737 2144 979 2227 grammaticum
1011 2146 1141 2220 audire,
1169 2147 1227 2230 qui,

181 2256 265 2311 teste
289 2246 396 2311 Coelio
420 2244 614 2327 Rhodigino,
629 2243 741 2328 Antiq.
758 2244 851 2308 Lect.
867 2244 922 2308 lib.
939 2245 1010 2308 xiii.
1028 2267 1103 2331 cap.
1119 2246 1141 2310 i.
1157 2246 1226 2312 Gor·

181 2349 290 2412 vinum
311 2369 383 2411 esse
406 2346 554 2430 prodidit,
568 2367 663 2428 quem
683 2345 733 2409 bic
751 2344 842 2409 Naso
862 2344 929 2408 sale
946 2353 983 2408 et
997 2348 1108 2411 resins
1121 2348 1227 2411 wasn-

180 2458 242 2512 cat.
281 2448 361 2532 Ejus
376 2448 473 2511 verba
486 2455 578 2509 sant:
604 2456 624 2481 ‘⁴
636 2445 720 2510 Illud
736 2445 838 2509 obiter
853 2446 1049 2522 adnularim,
1063 2449 1097 2512 in
1114 2449 1228 2514 coelii

180 2549 352 2611 Minatiani
373 2545 506 2629 Apnlcii
530 2545 732 2627 Fragmentis
755 2547 969 2621 observatum,
987 2549 1084 2612 annis
1108 2559 1224 2635 septem

179 2649 210 2710 in
230 2647 355 2720 exsilio,
371 2646 565 2728 consumptis
580 2646 726 2710 sunctum
741 2668 813 2709 esse
828 2647 894 2710 sato
911 2646 1085 2724 Ovidium,
1102 2672 1167 2735 qna
1179 2652 1226 2716 dis

177 2750 269 2812 Titus
285 2770 413 2832 quoque
430 2748 540 2811 Livius
556 2749 750 2821 decesserit;
773 2757 928 2811 structum
950 2748 1033 2813 item
1054 2751 1102 2815 illi
1122 2752 1226 2815 aBar·

179 2851 263 2914 baris
282 2872 340 2934 per
362 2850 475 2912 multas
496 2849 650 2933 lacrymas
672 2849 800 2932 tymbon
821 2856 895 2911 ante
915 2849 1064 2933 januam.
1111 2857 1226 2918 Auctor

178 2954 263 3017 idem
281 2953 478 3016 Minatianus
499 2962 559 3025 est,
576 2951 750 3014 Corvinum
771 2952 810 3014 ab
827 2950 946 3013 Ovidio
966 2954 1168 3036 adpellntum
1183 2956 1225 3018 fn·

177 3055 240 3117 isse
262 3053 345 3126 Ibin,
371 3076 412 3116 ex
437 3055 505 3115 avis
529 3055 687 3126 foeditate,
714 3055 766 3116 cui
792 3063 936 3115 ventrem
963 3067 1070 3120 rostro
1097 3078 1222 3143 purgare

176 3156 304 3219 insitum
326 3156 376 3228 sit,
395 3164 428 3216 et
449 3155 508 3217 hoc
529 3176 571 3216 cx
588 3153 774 3216 Callimachi
789 3152 985 3218 imitatione:
1010 3157 1139 3241 pulsum
1155 3181 1220 3242 qno

177 3276 241 3338 que
264 3257 295 3318 in
321 3255 479 3328 exsilium,
498 3256 582 3338 quod
599 3255 740 3338 Augusti
765 3257 920 3319 incestum
937 3258 1107 3323 vidisset.”
1150 3260 1219 3324 Hac

175 3357 240 3432 ille,
263 3378 396 3438 quoram
420 3357 500 3419 fides
524 3367 593 3419 esto
616 3378 715 3438 penes
737 3367 910 3430 auctorem,
938 3361 995 3440 qui
1021 3363 1164 3425 nondam
1184 3360 1218 3422 lu·

176 3479 245 3520 cem
269 3458 358 3531 vidit,
385 3459 505 3540 unique
532 3457 637 3520 Coelio
662 3457 846 3541 Rhodigino
872 3469 967 3522 notus
995 3463 1071 3537 suit,
1098 3464 1146 3526 uti
1165 3464 1216 3546 jan

176 3569 270 3621 antea
291 3558 508 3641 pronuntiavit
524 3558 625 3621 Lilins
641 3557 814 3640 Gymldun,
830 3560 871 3621 de
888 3558 1069 3626 Poetarum
1093 3560 1214 3633 historio,

179 3659 305 3741 Dialog.
322 3660 353 3719 4.
398 3660 450 3721 An
477 3659 646 3731 Corvinus,
669 3660 811 3741 quisquis
836 3660 888 3721 ille
913 3660 1049 3737 fuerint,
1074 3665 1107 3727 in
1133 3665 1215 3747 libya

176 3770 268 3822 iratus
290 3769 349 3832 est,
367 3762 419 3822 ubi
445 3761 567 3824 scilicet
583 3760 654 3823 Ibin
676 3762 797 3824 nautales
820 3762 968 3826 babuisse
991 3767 1138 3832 declarat
1152 3766 1213 3833 Ori·

176 3861 246 3923 dius
262 3861 292 3923 in
310 3860 374 3922 his:

293 3985 353 4054 Qui
367 3985 452 4041 simul
466 3987 585 4064 impurae
598 3990 697 4046 matris
711 3988 859 4067 prolapsus
873 3991 910 4049 ab
923 3991 991 4051 alvo
1004 4009 1061 4066 est,

330 4077 501 4155 Cinyphiam
517 4080 594 4138 foedo
608 4102 723 4160 corpore
736 4084 841 4160 pressit
855 4084 1002 4146 humum?
