2806 5018
620 382 624 389 ·
664 364 772 429 lBIS.
1173 365 1238 430 481

180 527 222 601 N
224 553 270 604 ec
289 555 330 605 se
349 528 556 620 Vulcanus,
577 550 647 609 nec
665 560 707 611 ae
725 536 792 609 tibi
812 537 979 634 praebeat
995 562 1079 613 aer:
1117 594 1121 599 .

179 703 181 707 .
236 644 273 717 N
275 670 327 719 ec.
338 645 406 718 tibi
424 647 490 722 det
508 649 632 736 tellus,
652 674 723 725 nec
741 651 809 725 tibi
827 663 965 750 pontus
983 653 1065 727 iter.

182 758 320 846 Exsul,
338 761 447 860 inops
462 786 577 851 erres,
597 765 795 862 alienaque
814 766 943 840 limina
958 769 1108 854 lustres,

236 875 503 973 Exiguumque
524 890 632 976 petas
650 904 713 953 ore
732 890 916 955 tremente
934 883 1074 957 cibum.

181 989 220 1064 N
222 1015 267 1066 ec
286 1015 423 1089 corpus
442 994 612 1089 querulo,
628 1018 698 1068 nec
717 1017 824 1069 mens
837 1006 946 1069 vacet
963 1020 1064 1092 aegra
1080 995 1207 1071 dolore
1221 1023 1231 1083 ;

234 1105 399 1203 Noxque
414 1107 475 1181 die
493 1109 636 1204 gravior
654 1108 704 1182 sit
719 1109 799 1194 tibi,
815 1119 926 1183 nocte
945 1110 1039 1184 dies.
1160 1114 1230 1182 116

183 1221 323 1319 Sisque
340 1223 453 1297 miser
470 1247 639 1321 semper;
669 1248 740 1298 nec
759 1225 810 1297 ais
828 1226 1050 1300 miserabilis
1067 1225 1155 1298 ulli:

232 1337 411 1412 Gaudeat
427 1338 594 1413 adversis
610 1338 750 1412 femina
765 1339 896 1437 virque
914 1340 1001 1424 tuis.

178 1451 353 1526 Accedat
368 1453 545 1552 lacrymis
562 1453 701 1540 odium,
721 1453 933 1551 dignusque
952 1466 1098 1552 putere,

230 1567 306 1653 Qui
319 1570 430 1656 mala,
443 1594 561 1667 quum
573 1570 703 1644 tuleris
718 1570 894 1669 plurima,
906 1570 1016 1668 plura
1032 1569 1142 1645 feras.
1157 1573 1228 1642 120

179 1684 328 1781 Sitque,
349 1685 451 1781 quod
469 1696 528 1759 est
542 1709 677 1771 rarum,
698 1686 808 1760 solito
822 1685 973 1760 desecta
987 1685 1111 1760 favore

229 1798 420 1872 AErumnae
436 1798 552 1873 facies
569 1799 751 1873 invidiosa
769 1811 857 1874 tuae.

176 1913 382 2010 Causaque
400 1939 474 1988 non
493 1913 604 2000 desit,
624 1913 723 1988 desit
739 1915 808 1988 tibi
826 1915 937 2013 copia
952 1914 1105 1989 mortis:

231 2028 411 2126 Optatam
429 2027 550 2124 fugiat
563 2028 639 2102 vita
655 2041 788 2103 coacta
803 2053 951 2104 necem.

179 2143 441 2240 Luctatusque
457 2143 522 2217 diu
540 2144 725 2220 cruciatos
743 2146 894 2242 spiritus
912 2155 1015 2220 artus
1154 2148 1224 2219 125

231 2256 405 2344 Deserat,
424 2269 463 2332 et
479 2257 592 2355 longa
608 2270 785 2357 torqueat
802 2270 889 2334 ante
906 2285 1021 2334 mora.

176 2371 386 2447 Evenient:
414 2373 520 2447 dedit
533 2374 618 2472 ipse
637 2374 727 2448 mihi
745 2375 857 2449 modo
875 2375 982 2471 signa
995 2374 1110 2448 futuri

228 2486 420 2576 Phoebua3
449 2503 489 2562 et
506 2513 527 2562 a
545 2489 638 2563 laeva
654 2501 789 2563 moesta
801 2490 937 2563 volavit
952 2489 1044 2562 avis.

176 2603 295 2677 Certe
312 2628 393 2701 ego,
412 2626 498 2699 quae
515 2628 642 2689 voveo,
663 2603 829 2701 Superos
847 2615 994 2678 motura
1012 2604 1164 2702 putab0‚

229 2717 383 2816 Speque
402 2728 477 2801 tuae
495 2717 637 2804 mortis,
654 2719 808 2816 perfide,
827 2743 977 2817 semper
995 2720 1085 2793 alar.
1154 2721 1224 2790 130
1295 2803 1299 2810 ¹

175 2832 302 2906 Finiat
318 2833 382 2907 illa
398 2832 493 2916 dies,
513 2856 599 2929 quae
618 2846 655 2907 te
673 2832 764 2905 mihi
781 2834 976 2907 subtrahet
993 2833 1103 2919 olim;

228 2947 352 3022 Finiat
367 2948 433 3027 illa
449 2947 542 3033 dics,
563 2971 647 3043 quae
665 2946 756 3021 mihi
775 2946 883 3020 tarda
900 2947 1024 3020 venit:

174 3063 230 3137 Et
245 3063 348 3162 prius
366 3065 464 3137 hanc
482 3063 656 3148 animam,
675 3062 830 3136 nimium
844 3063 912 3136 tibi
930 3086 1032 3160 saepe
1049 3063 1219 3160 petitam,

227 3178 384 3254 Auferet
397 3180 464 3253 ilia
481 3178 576 3265 dies,
596 3201 681 3276 quae
700 3178 790 3252 mihi
808 3201 893 3250 sera
908 3176 1032 3262 venit;

210 3379 268 3428 12³.
285 3379 403 3444 &empta
418 3397 463 3428 non
480 3382 547 3437 desit,
561 3383 618 3429 derit
635 3381 677 3428 tibi
726 3377 857 3427 tendebant
876 3378 928 3443 ejus
954 3374 1146 3442 imprecationem
1173 3374 1222 3424 iore

171 3453 350 3517 miamin]
363 3454 438 3503 Juxta
446 3453 603 3520 Sophocleum
614 3453 675 3502 illud
725 3461 810 3500 ratam.
983 3494 987 3500 ,

172 3527 199 3576 in
210 3525 316 3583 Electra,
327 3542 377 3576 ver.
392 3528 466 3574 1010:
484 3528 521 3576 Οὐ
531 3528 579 3592 γόρ
589 3529 675 3576 θανεῖν
761 3527 816 3573 128.
835 3524 866 3572 Et
876 3543 890 3571 a
903 3525 958 3572 lena
967 3522 1064 3586 merca]
1084 3520 1146 3570 Coeli
1154 3527 1222 3585 parte

172 3600 301 3665 axem.
314 3599 370 3649 ἀλλ’
385 3599 449 3650 ὅταν
465 3601 674 3664 θανεῖνΧρὴζων
724 3598 831 3645 sinistra:
854 3599 884 3645 ab
903 3613 933 3646 ea
951 3596 1013 3645 enim
1034 3595 1150 3644 Romanis
1169 3609 1224 3658 pro·

170 3693 221 3730 nc,
231 3671 350 3737 ‘trapam
360 3673 426 3724 τοῦτ’
438 3674 483 3740 ἔχῃ
494 3674 594 3737 λαβεῖν.
722 3687 791 3736 spera
805 3671 912 3734 auguria.
945 3670 1025 3726 Graiis
1036 3678 1061 3718 et
1070 3668 1183 3718 Barbaria
1194 3682 1223 3716 ea

208 3746 265 3794 127.
279 3746 410 3810 Emicat]
426 3747 498 3795 Omni
509 3747 534 3795 in
545 3763 570 3796 ra
581 3744 674 3810 agenda
723 3744 821 3792 meliora
831 3754 907 3799 erant.
918 3759 971 3807 qua
986 3758 1001 3790 a
1014 3740 1098 3790 dextra
1111 3740 1168 3789 coeli
1180 3740 1223 3789 da·

170 3820 333 3870 obumbra
343 3821 443 3884 maJores
453 3821 528 3885 signa,
541 3837 593 3884 quae
605 3835 620 3867 a
631 3836 674 3868 nu·
722 3818 823 3876 bantur3
837 3817 890 3866 vide
902 3817 954 3866 Cic.
965 3816 989 3863 ii.
1001 3816 1030 3864 de
1042 3815 1149 3864 Divinat.
1160 3816 1221 3871 Qua

171 3893 279 3942 minibus
295 3892 420 3941 darentur:
439 3901 466 3941 nt
483 3902 524 3941 aut
540 3894 576 3950 his
591 3893 674 3941 confir·
724 3900 803 3939 essent
813 3907 869 3940 aves
879 3891 935 3938 rnnli
946 3889 1040 3946 ominis,
1052 3888 1143 3937 Plinius
1154 3887 1223 3936 docet

169 3965 233 4016 anati
251 3981 299 4014 ram
316 3965 451 4015 inchoatam
468 3968 615 4031 perficerent,
632 3974 674 4012 aut
724 3966 749 4012 in
760 3967 790 4012 X.
801 3965 862 4012 Zrn.

171 4039 292 4107 perterriti
310 4039 458 4089 ductarent.
497 4041 611 4088 Inchoato
629 4039 674 4101 igi·
759 4040 812 4086 131.
825 4038 902 4085 Finiat
913 4038 955 4084 aa
965 4036 1033 4098 dica]
1046 4035 1222 4098 Supervacuum

172 4124 215 4162 tur
230 4112 366 4161 devotionis
385 4115 498 4169 carmine,
518 4113 585 4177 tingit
606 4121 676 4176 poeta
719 4119 760 4176 est
773 4110 817 4158 hoc
832 4110 958 4164 distichon,
970 4119 994 4157 et
1011 4124 1026 4155 a
1041 4122 1112 4154 manu
1127 4102 1222 4152 indocta

173 4188 243 4237 Deo·
274 4185 344 4250 tigna
376 4187 478 4244 dedisse,
505 4187 592 4252 quibus
624 4200 676 4249 por-
728 4184 766 4232 hic
778 4185 930 4232 inculcatum.
947 4183 1036 4231 Herus.
