2806 5018
190 339 258 407 ml
332 406 346 425 f
438 339 506 405 Al)
530 337 705 405 LIVIAM
728 337 996 406 AUGUSTAM

194 514 251 588 Tu
270 515 388 589 letum
406 513 557 611 optasti,
579 512 647 585 Dts
666 512 922 586 aversantibus
939 535 1067 600 omen,

242 629 318 701 Par
335 628 425 714 tibi;
456 627 487 700 si
506 628 671 700 sinerent
688 638 726 700 te
742 639 809 700 tua
825 627 902 701 fata
919 628 1030 701 mori.

194 745 272 819 Sed
290 745 356 817 tibi
376 744 534 816 debetur
551 744 710 816 eoelum:
740 754 790 827 te,
809 742 964 816 fulmine
982 744 1152 841 pollens,

243 860 417 958 Accipiet
434 859 561 956 cupidi
580 859 683 954 regia
700 883 838 955 magna
853 857 972 933 Joris.

193 975 303 1062 Quod
322 975 441 1072 petiit,
456 974 544 1046 tulit
559 974 643 1060 ille;
672 973 740 1046 tibi
758 985 800 1046 ut
817 997 886 1046 sua
902 972 1006 1046 faeta
1024 973 1234 1072 placerent:

243 1090 463 1187 Magnaque
480 1089 654 1161 laudatus
673 1090 826 1186 praemia
843 1089 971 1162 mortis
991 1090 1128 1165 babet„
1170 1092 1234 1161 216

191 1206 435 1302 Armataeque
454 1227 585 1300 rogum
602 1205 796 1278 celebrant
813 1207 861 1278 de
880 1226 982 1278 more
1001 1206 1192 1292 cohortes,

218 1369 220 1373 -
243 1321 295 1394 Et
311 1321 429 1418 pedes
445 1319 648 1415 exsequias
666 1320 791 1393 reddit
807 1343 1005 1417 equesque
1023 1321 1131 1395 duci.

190 1436 247 1510 ‘l'e
259 1438 423 1510 clamore
436 1446 570 1508 vocant
584 1435 796 1532 iterumque
812 1435 1027 1532 iterumque
1042 1458 1230 1535 suprem0;

240 1550 292 1623 At
309 1573 382 1622 vox
401 1548 565 1622 adversis
584 1547 741 1621 collibus
759 1549 835 1622 icta
852 1550 961 1622 redit.
1167 1556 1232 1622 220

193 1665 281 1762 lpse
300 1679 407 1763 pater
423 1665 529 1738 flavis
546 1664 745 1737 Tiberinus
763 1665 944 1737 inhorruit
962 1665 1102 1740 undis:
1183 1733 1186 1741 .

242 1780 403 1854 Sustulit
420 1791 459 1854 et
476 1780 600 1853 medio
618 1781 768 1853 nubilus
786 1803 895 1854 amne
911 1790 1046 1886 caput.

190 1897 286 1969 Tum
305 1897 420 1971 salice
438 1897 657 1993 implexum,
672 1920 881 1995 muscoque
899 1907 939 1969 et
956 1897 1159 1984 arundine,
1170 1895 1231 1969 cri·

241 2012 413 2085 Caeruleo
430 2035 567 2106 magna
583 2012 677 2108 legit
694 2014 741 2086 ab
759 2037 822 2087 ore
840 2035 975 2098 manu3
1137 2015 1231 2108 [nem

190 2127 455 2224 Uberibusque
468 2126 587 2201 oculis
601 2128 834 2200 lacrimarum
848 2127 1005 2200 flumina
1019 2126 1149 2201 misit:
1165 2131 1230 2199 225

239 2243 314 2317 Vix
332 2245 435 2342 capit
452 2244 620 2339 adjectas
637 2244 765 2317 alveus
782 2245 880 2316 altus
900 2265 1045 2339 aquas3

188 2357 352 2456 Jamque
371 2360 450 2455 rogi
467 2359 637 2433 flammas
655 2360 876 2455 extinguere
894 2357 1064 2431 fluminis
1082 2359 1173 2446 ictu,

239 2473 388 2570 Corpus
406 2485 444 2546 et
460 2475 642 2547 intactum
659 2475 803 2558 tollere,
822 2483 949 2546 certus
966 2484 1064 2546 erat.

189 2585 437 2661 sustentabat
451 2612 580 2685 aquas,
598 2612 808 2687 cursusque
825 2587 1022 2661 inhibebat
1036 2610 1227 2684 equomm,

240 2702 293 2776 Ut
311 2715 439 2800 posset
458 2716 536 2777 toto
555 2707 725 2803 proluere
743 2729 852 2777 amne
871 2725 1016 2798 rogum.
1162 2707 1233 2785 230,

185 3017 240 3049 suos
260 3001 367 3049 Cesares
387 2999 498 3053 facerent.
520 2997 611 3061 sibique
632 3010 680 3046 tem
730 2999 785 3047 tius.
819 3000 857 3046 De
871 2997 961 3062 origine
975 3008 1000 3045 et
1014 3014 1072 3045 vero
1083 3012 1229 3047 sensurum·

185 3073 308 3121 honestum
326 3072 468 3136 quandoque
485 3071 574 3119 exitum
589 3071 680 3125 darent,
730 3072 789 3127 buli,
801 3071 849 3120 vid.
859 3071 965 3119 Turneb.
976 3071 1044 3119 nus.
1053 3072 1113 3120 xxii.
1126 3073 1152 3120 ⁷.

185 3162 257 3211 qunrn
269 3146 313 3210 ipsi
325 3144 469 3193 dedissent.''
490 3143 681 3191 Suetonclaud.
762 3149 818 3195 222.
838 3145 958 3208 Nubilus]
987 3145 1076 3193 Tristis
1083 3164 1091 3204 ;
1113 3157 1139 3194 et
1160 3145 1226 3194 lrnnte

183 3236 205 3268 c.
221 3223 241 3267 l.
266 3220 352 3283 Neque
364 3228 487 3266 contentus
498 3216 681 3281 (additscrlptor
731 3219 798 3283 quasi
810 3218 911 3266 nubibus
921 3217 1037 3266 obductu.

184 3294 256 3348 idern,
268 3292 320 3340 loco
330 3292 385 3350 cit.)
399 3291 500 3354 elogium
514 3291 565 3354 ejus
579 3290 679 3345 tumulo,
764 3294 819 3339 226.
837 3292 876 3338 Vis
887 3295 949 3352 cupit
959 3293 1071 3353 adjectus,
1080 3294 1144 3356 ete]
1163 3289 1228 3339 Nullt

184 3368 356 3415 versibusase
372 3364 506 3429 compositis
521 3364 679 3428 insumpsisse,
732 3375 786 3413 tunc
806 3365 898 3413 Tiberis
925 3366 1074 3425 exundati03
1101 3368 1144 3415 sed
1167 3365 1228 3412 relert

184 3443 255 3490 etiam
270 3440 324 3487 vitae
340 3439 474 3487 memoriam
489 3454 557 3502 prusa
576 3439 679 3485 oratione
730 3449 800 3502 poeta
817 3438 847 3485 ad
862 3438 931 3485 lunus
947 3437 1032 3494 Drusi,
1048 3440 1116 3503 quod
1132 3437 1227 3487 evenisse

185 3514 342 3578 composuit.”
732 3519 809 3558 narrat
831 3511 886 3565 Dio,
908 3510 952 3558 liii.
975 3527 1025 3574 quo
1048 3522 1158 3578 tempore
1177 3509 1226 3558 obiit

218 3589 276 3635 215.
296 3587 361 3640 Quod
376 3588 450 3646 petiit,
462 3587 516 3632 tulit
532 3585 592 3647 ille]
613 3583 679 3630 Nihil
731 3584 876 3643 Marcellus3
888 3584 989 3639 seilicet,
999 3585 1226 3650 adauctumrepeute

185 3659 249 3708 aliud
258 3660 302 3707 sibi
314 3662 404 3707 Drusus
413 3660 437 3707 in
448 3659 539 3722 agendo
551 3658 680 3723 proposuit,
729 3657 832 3704 Tiberim
850 3667 944 3720 pontem
966 3659 1101 3706 sublicium
1117 3658 1225 3711 stettin,

185 3749 256 3798 quam
272 3743 297 3780 ut
314 3749 357 3780 sue
371 3733 413 3779 tibi
431 3734 494 3779 lacta
511 3733 678 3795 probarentur3
731 3729 868 3793 fecisseque,
881 3739 908 3777 ut
923 3731 977 3777 urbs
992 3746 1035 3795 per
1052 3733 1160 3781 triduum
1172 3739 1224 3779 esset

184 3822 239 3869 ergo
256 3806 309 3852 vitm
329 3817 352 3852 et
370 3807 449 3853 mortis
468 3805 540 3870 ipsius
556 3804 678 3868 premium
730 3802 830 3850 navibus
840 3803 928 3866 pervia.

183 3878 263 3934 hebet,
275 3894 289 3926 a
303 3888 325 3926 te
340 3887 392 3941 post
408 3888 505 3926 mortem
519 3879 613 3943 publice
628 3878 678 3925 lau·
761 3877 818 3931 227.
836 3876 951 3924 Fluminis
964 3879 1039 3941 ictu]
1061 3880 1175 3928 Immisso
1188 3892 1222 3923 m·

182 3951 261 4000 datus.
729 3949 922 4014 darumimpetu.
956 3950 996 3998 Sic
1010 3953 1082 4001 illum
1096 3953 1163 4017 lingit
1172 3951 1221 3998 Hor.

215 4027 273 4073 221.
294 4022 370 4071 Flavls
383 4024 472 4086 undis]
491 4025 601 4071 Solemue
612 4023 676 4072 fluvii
727 4029 742 4050 ⁴⁴
753 4022 871 4070 Retortis.
881 4024 1029 4073 ..violenter
1046 4028 1128 4082 undis.
1143 4027 1177 4073 lre
1187 4022 1221 4069 de·

183 4098 254 4163 hujus
271 4095 407 4164 epitheton3
430 4112 505 4161 neque
524 4096 593 4144 aliter
610 4097 677 4145 illurn
725 4096 815 4160 jectum
832 4107 987 4146 monumenta
1000 4099 1075 4164 regis.
1086 4099 1220 4165 Tempbque

183 4185 288 4236 uuquam
302 4169 425 4234 designaut
436 4171 551 4235 Virgilius
565 4181 589 4219 et
604 4171 678 4219 llora·
729 4171 837 4219 Vestae.”
855 4171 890 4234 (1.
902 4170 951 4219 od.
962 4173 1005 4235 2.)
