2806 5018
356 120 618 188 PASTORUM
640 121 731 186 LIB.
755 121 821 186 111.
1048 123 1111 190 131

56 291 251 391 Tempora
262 295 348 390 jure
364 295 495 367 colunt
512 295 611 367 latiae
629 293 791 368 secunda
808 305 995 393 parentes,

109 405 281 490 Quarum
295 409 466 483 militiam
479 422 643 506 votaque
661 421 791 508 partus
810 410 939 484 habet.

57 524 183 608 Adde,
203 526 307 621 quod
325 527 505 599 excubias
525 527 603 622 regi
623 525 817 598 Romanus
836 526 985 621 agebat,
1034 531 1109 599 245

110 639 197 723 Qua
214 665 316 714 nuno
336 641 527 737 Esquilias
545 643 696 714 nomina
713 642 820 714 collis
838 641 966 713 habet.

58 754 144 828 lllic
163 780 186 828 a
203 757 359 829 nuribus
377 756 400 829 J
405 757 519 830 unoni
537 758 680 854 templa
699 755 842 828 Latinis

75 916 78 923 -
111 868 194 944 Hac
214 883 314 959 sunt,
334 872 366 945 si
385 872 549 958 memini,
566 873 720 970 publica
736 871 837 944 facta
853 871 927 944 die.

58 982 163 1068 Quid
179 1010 313 1073 moror,
333 999 372 1061 et
388 987 497 1061 variis
516 1012 630 1061 onero
648 999 714 1060 tua
732 998 886 1084 pectora
902 985 1056 1059 causis?

112 1098 264 1174 Eminet
277 1113 365 1175 ante
379 1102 521 1188 oculoS,
542 1103 646 1198 quod
665 1102 774 1199 petia,
794 1125 883 1175 ecce
902 1114 1000 1175 tuos.
1031 1105 1107 1174 250

59 1212 187 1290 Mater
214 1229 314 1291 amat
344 1229 503 1316 nuptas;
540 1218 670 1291 matris
705 1242 765 1292 me
795 1219 906 1291 turba
934 1216 1108 1313 srequen-
1145 1212 1151 1223 '

210 1342 315 1405 tant:

112 1442 206 1518 Haec
223 1471 292 1519 nos
311 1448 499 1546 praecipue
517 1461 594 1523 tarn
613 1451 675 1547 pia
691 1475 806 1523 causa
822 1451 946 1524 decet.

58 1557 172 1634 Ferte
192 1562 284 1636 Deae
302 1563 435 1636 flores:
465 1565 605 1660 gaudet
622 1565 840 1638 florentibus
859 1565 985 1638 herbis

112 1673 206 1749 Haec
226 1678 330 1751 Dea:
359 1680 407 1751 de
424 1689 555 1754 tenero
574 1680 712 1776 cingite
730 1680 820 1752 flore
838 1690 965 1777 caput.

59 1787 201 1875 Dicite,
220 1789 278 1864 Tu
297 1794 421 1866 lucem
440 1795 561 1882 nobis,
583 1794 736 1880 Lucina,
757 1793 912 1880 dedisti;
1033 1797 1106 1866 255

112 1905 252 1992 Dicite,
271 1907 330 1979 Tu
346 1920 433 1981 voto
451 1910 693 2008 parturientis
712 1911 815 1982 ades.

60 2020 104 2093 Si
117 2032 333 2118 quatamen
347 2024 500 2119 gravida
511 2038 590 2114 est;
622 2024 786 2098 resoluto
800 2023 902 2097 crine
920 2032 1106 2120 precetur,

113 2135 168 2210 Ut
185 2138 304 2211 solvat
322 2148 452 2235 partus
471 2141 634 2213 molliter
652 2141 717 2212 illa
733 2164 835 2212 suos.

59 2250 168 2336 Qurs
187 2253 278 2326 mihi
296 2278 396 2327 nunc
413 2255 526 2342 dicat,
546 2280 662 2353 quare
682 2256 851 2329 coelestia
870 2253 1005 2327 Martis

111 2366 229 2442 Arma
244 2367 364 2443 ferant
383 2369 486 2457 Salii,
508 2369 813 2469 Mamuriumque
832 2370 995 2443 canant?
1032 2372 1107 2442 260

92 2549 153 2596 2⁴5.
177 2549 271 2606 Quarta
292 2564 372 2606 cauea,
394 2565 465 2615 quarn
487 2549 560 2599 etiarn
610 2550 642 2599 nia
661 2549 740 2599 diem:
768 2564 816 2613 qna
841 2547 931 2612 pietate
957 2561 1013 2610 ergo
1038 2544 1108 2594 simul

59 2621 146 2670 Fatua
155 2630 284 2671 memorat:
298 2630 313 2650 ‘¹
326 2623 427 2672 Martias
437 2623 562 2672 Kalendas
610 2624 682 2674 color.
714 2624 839 2672 Taubuem
859 2621 952 2671 videtur
974 2620 1011 2668 hia
1031 2619 1109 2669 verbis

59 2703 175 2744 matrona
192 2696 322 2753 celebrant,
335 2696 399 2761 quod
415 2713 444 2746 eo
460 2696 499 2746 die
515 2700 559 2748 Ju·
610 2708 635 2747 et
652 2699 704 2747 hac
719 2696 837 2746 ncutcntia
851 2695 936 2760 subjici
946 2709 1027 2759 possa:
1045 2693 1109 2750 ideo,

61 2767 132 2817 nonin
151 2769 250 2818 Lucina
268 2769 333 2818 adca
348 2770 395 2818 coli
410 2781 490 2836 coepta
505 2771 561 2820 ait.”
611 2771 675 2836 quod
686 2781 760 2819 mater
771 2769 884 2834 qnalibet
894 2768 955 2816 filias
968 2783 1024 2815 suan
1036 2776 1109 2821 amat,

60 2840 145 2892 Ponit·
161 2851 242 2892 antem
259 2844 301 2892 illa
316 2845 380 2893 ades
396 2844 419 2892 in
436 2861 465 2893 eo
476 2845 561 2910 Faqui·
610 2860 649 2893 me
666 2855 765 2892 matrum
781 2842 829 2906 (sic
849 2851 904 2889 ante
922 2840 1007 2887 Heian.
1024 2838 1108 2896 edeb.)

58 2915 147 2966 liarnm
161 2918 249 2966 vertice
266 2917 320 2974 suit,
338 2918 379 2983 qui
396 2919 491 2985 Cispius
507 2918 559 2968 dic·
611 2919 681 2966 turba
692 2909 1109 2981 frequentant,ntclademagcnerir

60 2999 108 3038 tua.
135 2989 558 3048 DeiliomontaetiamVarro,iv.8:
610 3001 723 3040 avertam.

59 3069 76 3090 ¹⁴
90 3063 198 3127 Esquilio
212 3063 271 3111 Salii
287 3063 430 3129 scripserunt
446 3066 476 3112 ab
488 3081 559 3114 excu-
643 3068 701 3115 25³.
719 3062 857 3112 Exhortatio
878 3058 909 3109 ad
928 3059 1006 3107 Deam
1022 3058 1066 3107 rite
1083 3069 1109 3107 et

59 3136 108 3184 biis
118 3137 181 3200 regia
192 3136 292 3186 dictaa.’'
312 3140 382 3187 Hanc
393 3137 560 3202 etymologiam
610 3140 648 3205 pie
663 3138 797 3187 colendam.
832 3135 949 3182 Florentes
967 3133 1037 3181 tnta
1054 3141 1109 3181 sunt

59 3210 148 3260 Noster
155 3227 251 3276 quoque
263 3211 344 3261 afferre
353 3212 440 3260 voluit:
452 3211 559 3262 excubia
610 3212 655 3276 ipsi
662 3213 730 3259 flores
736 3228 744 3270 ;
754 3209 824 3272 Virg.
832 3207 883 3256 Eoi.
890 3208 923 3254 ix.
933 3208 973 3254 19.
983 3212 1000 3234 ¹⁸
1010 3206 1108 3254 humum

59 3284 94 3332 ibi
112 3285 244 3348 agebantur
260 3285 371 3343 Romulo,
388 3302 464 3349 quum
479 3287 559 3334 Titum
610 3279 979 3345 florentibushcrbiaspargerc.”
1012 3279 1109 3330 InMa-

58 3358 155 3406 Tatium
180 3357 259 3407 infida
279 3360 399 3408 socictatin
424 3368 560 3424 suspectum
608 3359 748 3411 tronalibun,
756 3365 783 3404 ut
794 3355 818 3404 in
829 3353 970 3409 aliusnon,
979 3353 1109 3402 domem

60 3433 169 3482 haberet.
609 3431 728 3479 adhibitos
739 3429 811 3478 ctiam
822 3444 850 3478 er
863 3426 954 3475 Horatii
968 3426 993 3476 d.
1003 3427 1022 3474 1.
1033 3434 1109 3492 patet.

94 3508 152 3555 249.
175 3505 267 3564 Quinta
293 3522 373 3562 causa,
390 3520 467 3570 eaque
487 3507 561 3555 Marti
610 3504 735 3562 Quomodo
753 3501 882 3552 adhibendi
900 3500 958 3556 rint,
972 3501 1024 3565 jam
1041 3499 1109 3549 addi·

59 3580 165 3629 muimc
183 3579 284 3629 decora:
309 3588 325 3608 ‘¹
335 3579 436 3630 Jnuonia
453 3596 518 3629 amor
535 3581 561 3629 in
610 3587 659 3632 tur,
670 3581 698 3626 dc
713 3588 789 3626 tenero
804 3578 889 3640 cingite
897 3576 960 3638 flore
973 3583 1042 3635 caput
1058 3572 1109 3623 effi·

59 3664 158 3720 nuptu,
168 3664 193 3703 et
206 3653 262 3702 inde
276 3655 359 3704 barum
370 3670 434 3702 amor
449 3653 563 3703 adversus
610 3653 672 3716 giem
691 3650 800 3704 Junonia.
843 3649 874 3697 Et
899 3651 928 3696 da
951 3657 1028 3696 tenero
1046 3648 1109 3712 flora

60 3728 194 3777 Martcm.”
228 3729 306 3777 Mater
316 3730 451 3777 mcaJnno.
477 3728 562 3777 Mntn‘r
611 3726 751 3783 dictu-mut
769 3722 907 3772 “canitiem
925 3722 990 3784 largo
1006 3721 1037 3769 de
1054 3720 1109 3785 pul·

59 3805 139 3860 turba,
150 3803 220 3851 turba
235 3812 393 3851 matronarum
407 3809 506 3851 matrem
522 3818 562 3851 co·
612 3815 667 3848 vcra
684 3797 780 3863 turpat”
797 3796 861 3861 apud
879 3794 1045 3849 Claudianum,
1060 3793 1109 3842 xix.

57 3876 169 3933 lentium,
196 3894 231 3925 nn
249 3877 413 3942 frequentant,
439 3876 561 3925 celebran-
612 3875 654 3921 25.

57 3949 117 3999 dum
128 3949 176 3999 ribi
186 3961 320 4001 sumserunt
331 3950 431 4017 primurn
440 3951 486 4000 mei
497 3966 562 3998 men·
644 3948 783 3997 ana-³98.
806 3945 919 3992 Saliorum
938 3945 1001 4006 origo
1020 3951 1042 3987 et
1057 3939 1109 4004 ser·
