2806 5018
301 328 367 395 112
598 326 636 391 P.
660 322 822 394 OVIDII
846 325 1058 393 NASONIS

301 501 452 576 Vulnus
468 500 581 574 inane
597 511 724 600 petet:
747 501 890 575 Brutus
908 501 1072 574 clamore
1089 497 1261 583 Quirites
1314 515 1320 534 ’

353 617 545 703 Concitet,
564 627 604 691 et
620 617 719 714 regis
735 616 837 691 facta
854 615 1017 691 nefande
1033 614 1159 690 refert.
1278 617 1344 688 850

302 731 530 831 Tarquinius
547 756 634 816 cum
651 732 755 830 prole
770 731 887 829 fugit:
913 731 1017 829 capit
1033 753 1159 804 annua
1176 730 1310 804 consul

351 847 466 923 Jura:
486 847 568 922 dies
585 844 712 945 regnis
728 847 794 920 illa
808 869 985 944 suprema
1001 845 1085 918 fuit.

304 963 562 1038 Fusurrrurti
587 986 635 1036 an
652 960 750 1053 veris
768 960 980 1059 praenuntia
995 961 1099 1035 venit
1117 960 1291 1046 hirundo,

353 1077 405 1153 Et
421 1078 568 1167 metuit,
587 1102 636 1154 ne
655 1102 731 1176 qua
743 1101 851 1152 versa
868 1087 1035 1152 recurrat
1051 1076 1200 1151 hiems?

305 1193 418 1293 Soepe
444 1202 584 1281 tamen,
614 1193 775 1281 Procne,
804 1192 961 1266 nimium
997 1215 1221 1292 properasse
1259 1214 1348 1289 que·

454 1308 572 1383 reris?

351 1423 496 1522 Virque
513 1433 579 1497 tuo
596 1420 740 1496 Tereus
756 1422 892 1519 frigore
910 1422 1021 1496 laetus
1039 1422 1122 1497 erit.
1279 1424 1349 1495 856

301 1537 326 1612 J
330 1562 481 1618 Aureus:
500 1537 585 1611 duae
603 1548 747 1612 restant
763 1547 893 1612 noctes
911 1539 959 1614 de
977 1563 1107 1614 mense
1126 1536 1308 1622 seeundo,

267 1706 273 1715 -
352 1651 537 1750 Marsque
554 1677 642 1727 suos
656 1652 800 1750 junctis
817 1654 989 1727 curribus
1007 1665 1119 1751 urget
1134 1677 1270 1751 equos.

303 1766 365 1840 Ex
381 1792 468 1842 vero
485 1768 650 1865 positum
667 1770 874 1867 permensit
891 1769 1048 1867 Equiria
1065 1792 1217 1857 nomen,

354 1881 450 1967 Quae
470 1883 575 1959 Deus
593 1885 783 1984 inrumpo
800 1885 984 1984 prospicit
1001 1886 1082 1984 ipse
1100 1908 1182 1958 suo.
1281 1887 1352 1957 860

304 2149 404 2216 quisque
414 2150 491 2199 scelus
501 2150 591 2214 regium
602 2164 630 2199 ec
641 2150 690 2199 vim
698 2166 801 2216 quemn·
852 2151 923 2201 betur
933 2149 1003 2201 veris.
1022 2151 1070 2200 Sed
1078 2148 1191 2216 qnoniam
1201 2148 1288 2199 molliti
1299 2138 1353 2197 roeli

303 2234 350 2275 tur.
384 2225 467 2280 denne,
487 2233 604 2290 apertum.
637 2226 691 2273 Hoc
709 2225 735 2273 iu
754 2226 803 2274 foro
853 2227 889 2275 vis
899 2226 973 2276 serius
983 2226 1137 2281 sentiebatur,
1148 2223 1253 2273 hirundo
1263 2230 1353 2290 poteret

303 2299 414 2348 omnibus
431 2295 625 2362 conspiciendum
647 2298 803 2362 prebebatur.
854 2300 914 2350 veris
937 2302 1069 2362 merentis
1088 2299 1175 2347 vocari.
1216 2297 1258 2345 Ad
1284 2297 1353 2345 finem

303 2374 469 2432 Annnajura,
486 2385 589 2420 annum
605 2368 736 2434 imperinm.
769 2371 802 2418 E·
853 2373 925 2423 etiem
937 2382 1049 2438 vergente
1061 2372 1198 2428 Februario,
1210 2370 1354 2419 himiden·

305 2444 363 2492 tiam
371 2443 425 2492 Liv.
435 2457 521 2491 novem
536 2442 639 2491 civitatis
652 2443 750 2493 formem
761 2460 803 2510 per
852 2447 925 2497 tidem
946 2450 1086 2502 resonabat,
1103 2454 1128 2495 et
1144 2445 1203 2494 Kal.
1219 2445 1296 2493 Mnrt.
1313 2444 1352 2493 de

304 2533 393 2565 annuos
402 2519 550 2580 magistratus
558 2514 802 2581 declaretzet,quum
852 2537 918 2570 mum
940 2520 1049 2569 cedebat.
1069 2518 1103 2568 iii.
1124 2520 1181 2568 235.
1224 2518 1287 2573 Qua,
1307 2531 1353 2582 qne

304 2588 414 2640 eonsules
433 2587 513 2637 omnia
530 2589 593 2654 jure,
608 2589 688 2637 omnia
703 2589 804 2655 insignia
851 2603 927 2660 parte.
958 2593 1105 2642 hirundines
1126 2591 1246 2640 interdum
1269 2591 1353 2639 damno

305 2661 369 2727 regis
382 2670 498 2718 tenerent,
509 2661 595 2712 diserte
608 2671 689 2712 monet
701 2662 727 2712 ii.
740 2665 763 2713 1.
774 2663 804 2713 ti·
853 2683 895 2716 sno
904 2666 1004 2716 reditum
1009 2676 1143 2729 properent.
1161 2664 1351 2714 Pliuxviiisr:

304 2737 420 2788 bertatem
440 2734 466 2783 in
484 2751 512 2784 eo
533 2735 613 2793 fuisse,
632 2736 696 2801 quod
716 2754 804 2785 anuum
850 2745 868 2768 ‘¹
880 2741 997 2789 Nouum
1013 2749 1058 2797 est,
1076 2738 1181 2788 advenas
1197 2739 1308 2787 volucres
1324 2736 1352 2786 ed

305 2808 430 2875 imperium
446 2809 568 2859 consulare
583 2809 662 2860 fuerit.
695 2811 750 2860 Dies
765 2827 805 2859 su·
852 2812 941 2862 diem.'’
975 2813 1033 2862 Kal.
1050 2812 1082 2861 vi.
1096 2813 1166 2861 Febr.
1183 2817 1278 2876 “spem
1295 2811 1353 2860 veris

303 2901 383 2947 prsnro
393 2883 503 2932 suitann.
514 2884 582 2934 U.C.
592 2885 650 2932 244.
853 2887 969 2943 attulisse,
985 2903 1039 2937 mox
1055 2886 1186 2936 sevissima
1202 2885 1283 2934 hieme
1300 2901 1352 2934 eon·

337 2958 671 3022 85³.Himudinisreditur.]
685 2956 804 3007 Columel.
853 2960 981 3009 flictetes.”
1015 2961 1055 3009 De
1076 2959 1174 3016 Prosus,
1197 2958 1273 3016 Terei,
1295 2958 1354 3023 regis

304 3030 414 3082 xi.2.ed
431 3031 494 3080 diem
511 3031 568 3080 Kel.
582 3029 803 3080 vitrearuhirun·
852 3033 969 3090 Threcia,
990 3049 1061 3082 uxore
1082 3031 1106 3081 in
1127 3031 1280 3081 hirundinem
1304 3048 1353 3081 mu·

304 3105 385 3156 diuem
396 3105 499 3171 conspici
511 3105 553 3155 eit.
569 3105 702 3155 Plinium
713 3122 718 3151 :
730 3109 747 3132 ‘⁴
757 3104 804 3152 Fa·
853 3113 913 3164 trite,
920 3105 975 3156 vide
982 3107 1085 3155 Metam.
1092 3106 1125 3154 vi.
1132 3107 1180 3155 425
1190 3121 1245 3170 sqq.
1263 3105 1354 3170 Progne

304 3178 401 3231 vonitun
415 3179 513 3245 quidem
529 3194 553 3229 a.
563 3179 589 3228 d.
602 3178 659 3227 Kal.
668 3177 719 3226 viii.
731 3177 804 3226 Mart.
854 3179 955 3229 deterior
975 3179 1091 3244 scripture
1113 3187 1157 3235 est,
1179 3193 1253 3243 quem
1275 3186 1353 3227 umen

305 3251 470 3303 chelidoniam
481 3261 568 3301 vocent
580 3253 610 3301 eb
625 3248 758 3302 hirundinis
769 3250 804 3299 vi·

304 3326 359 3377 su.”
381 3327 487 3376 Vocatur
497 3331 555 3375 neris
564 3328 698 3389 prenuntia
706 3343 715 3384 ,·
727 3324 805 3374 AEtia·

304 3417 360 3456 nus,
373 3399 438 3449 Hist.
449 3399 530 3449 Anim.
541 3399 558 3448 i.
569 3402 609 3449 52.
620 3405 668 3460 τῆς
681 3401 747 3464 ὥρας
758 3402 805 3461 τῆς

305 3473 409 3538 ἀρίστης
418 3472 583 3539 ὑποσημαίνει
597 3475 646 3534 τὴν
654 3471 804 3538 improlem

306 3546 410 3610 Oppien.
420 3544 527 3597 Helieut.
538 3546 572 3596 iii.
582 3548 642 3596 244.
654 3545 750 3612 εἶαρὶνη
763 3551 805 3595 Zr-

304 3618 382 3685 pr'rpov
409 3620 585 3686 πρωτὰγγελος
611 3622 696 3686 ὄρνις;
721 3621 805 3670 Horat.

305 3694 328 3744 Ι.
338 3693 415 3759 Epist.
425 3693 465 3743 vii.
478 3695 518 3743 1³.
529 3711 628 3743 vernum
639 3703 733 3761 tempus
743 3693 804 3743 indi-

307 3777 417 3818 caturus:
435 3774 451 3795 “
464 3767 525 3816 Cum
543 3767 657 3833 Zephyris
677 3777 702 3816 et
724 3767 804 3817 hirun-

306 3840 361 3891 dine
371 3839 474 3906 prirne.”
509 3840 605 3889 Favonii
616 3839 746 3889 seeundum
758 3841 804 3889 Co·

304 3914 386 3964 lumel.
405 3913 444 3962 die
465 3913 573 3979 septimo,
592 3913 723 3962 aecundum
739 3913 803 3962 Plin.

303 3997 372 4037 sexto
382 3995 437 4036 ente
448 3986 587 4035 Februarius
601 3986 659 4035 Idus
669 3987 757 4049 spirare
768 3986 803 4034 in-

304 4060 434 4127 cipiebant,
452 4070 478 4109 et
497 4059 589 4108 mollire
609 4059 734 4109 hibernum
751 4075 803 4110 coe-

304 4135 364 4195 brui.
387 4135 421 4198 ‚Is
431 4133 483 4184 dies
493 4132 564 4198 igitur
578 4132 719 4200 principium
731 4134 803 4184 habe·

853 3251 880 3302 h.
891 3252 908 3301 Ι.
919 3268 1000 3303 omnes
1016 3252 1072 3301 libri
1087 3261 1192 3302 tuentur.
1225 3253 1270 3300 Est
1280 3253 1353 3302 verior

855 3326 956 3391 Πρόκνη
969 3327 1066 3375 Prosus.
1092 3325 1155 3374 Vide
1166 3324 1354 3375 HeimedMe·

854 3399 972 3450 tem.d.l.

887 3475 944 3524 8⁵7.
963 3475 1061 3538 Eprirr'a
1077 3473 1135 3523 Kel.
1154 3471 1189 3522 iii.
1208 3473 1286 3522 Mart.
1303 3471 1355 3522 scil.

854 3547 893 3597 die
904 3548 936 3596 27
947 3548 1018 3598 Febr.
1043 3548 1082 3596 De
1092 3546 1122 3596 ii·
1132 3547 1232 3596 Festus:
1250 3554 1268 3574 “
1281 3545 1355 3611 Equi·

854 3621 897 3679 ria,
914 3621 974 3678 ludi,
987 3637 1046 3687 quos
1063 3619 1184 3670 Romulus
1197 3620 1273 3669 Marti
1287 3619 1355 3669 insti·

855 3696 900 3745 tuit
924 3711 966 3761 per
993 3711 1107 3760 equorum
1134 3709 1240 3750 cursum,
1261 3694 1303 3759 qui
1330 3693 1355 3742 in

854 3785 940 3835 sempe
960 3769 1050 3819 Martio
1075 3768 1274 3819 exercebuntur?
1319 3769 1356 3818 Er

854 3859 953 3901 vero,er
966 3859 991 3892 re
1005 3843 1067 3909 ipse.
1104 3842 1155 3891 Tun
1169 3852 1357 3904 temperamen-

853 3915 887 3964 sis
904 3932 918 3965 a
935 3926 959 3966 te
976 3917 1063 3966 dictus.
1097 3917 1183 3966 Lomm
1196 3926 1357 3978 possuntne·

854 3989 906 4037 lunt
921 3990 971 4055 jam
994 4005 1009 4039 a
1029 4006 1068 4040 me
1089 3990 1153 4048 cani,
1168 4000 1255 4040 exacto
1275 4006 1358 4041 mense

854 4064 988 4115 Februario.
