2806 5018
183 360 249 427 526
579 356 838 424 EXCURSUS

182 532 275 605 Quos
286 551 385 613 quum
399 529 453 592 alii
465 529 599 592 totidem
612 529 735 593 Latinis
748 531 984 614 expresserint,
997 531 1080 614 quid
1095 530 1223 613 impodt

180 633 348 715 quominus
360 639 395 694 et
408 652 466 695 nos
481 631 513 695 id
524 631 706 695 tentemus?
723 632 884 696 interdum
896 635 985 696 enim
999 632 1114 695 latias
1127 630 1222 694 Musas

181 742 303 797 nostras
318 733 402 796 iuter
417 731 551 796 Groecas
567 731 720 795 luxuriari
734 732 885 796 sinimus:

297 921 385 978 Livor
397 918 566 997 Apollineas
577 917 689 977 occulte
702 916 777 977 dixit
791 920 822 976 in
835 939 937 979 aures:

297 1013 367 1071 Nou
379 1013 465 1070 miror
478 1023 584 1078 vatem,
598 1011 648 1088 qui
661 1029 719 1068 nou
732 1012 812 1071 canit
825 1012 949 1091 aequoris
962 1012 1079 1084 instar3

296 1108 430 1166 Livorem
444 1107 556 1185 pepulit
570 1105 656 1165 simul
670 1105 730 1174 ille,
745 1107 888 1185 simulque
900 1107 1032 1168 locutus.

298 1201 436 1279 Assyrius
448 1200 507 1259 late
521 1201 585 1259 fluit
598 1199 699 1271 amuis,
714 1211 743 1258 at
757 1201 807 1260 ille
820 1201 961 1280 palustris

299 1295 434 1354 Illuviem
447 1305 532 1353 terrac
545 1294 698 1372 sordesque
711 1295 823 1354 volutat
836 1296 867 1353 in
880 1294 979 1354 undis

297 1390 330 1447 N
330 1409 368 1448 on
380 1390 480 1467 quovis
493 1389 593 1448 Cereri
605 1389 697 1449 libant
712 1408 728 1448 e
741 1390 823 1449 fonte
837 1389 978 1458 Melissea,

298 1482 358 1542 Sed
369 1484 420 1560 qui
432 1482 569 1559 limpidus
582 1492 637 1550 est,
651 1494 681 1542 ct
694 1485 757 1542 limi
770 1482 882 1561 prosilit
895 1501 1015 1561 expers,

297 1576 384 1635 Sucro
397 1576 477 1634 fonte
491 1574 573 1634 latex
585 1595 700 1654 parvus,
716 1577 767 1636 flos
779 1595 908 1635 summus
921 1595 1078 1652 aquarum.

297 1669 393 1739 Salve,
407 1689 469 1739 rex,
483 1670 566 1729 abeat
578 1689 635 1746 quo
648 1690 719 1731 crux
733 1671 788 1731 erit
801 1669 917 1729 invidus
930 1668 992 1727 illc.

180 1864 318 1929 Causam
333 1869 441 1925 autem
457 1862 579 1945 profert
595 1861 794 1927 Nicodamus
811 1859 1015 1925 Frischlinus
1032 1858 1067 1921 iu
1081 1857 1149 1922 vita
1162 1855 1225 1920 Cal·

178 1964 305 2028 limachi
319 1984 426 2048 graece
445 1964 642 2045 conscripta:
666 1973 710 2034 Εἰς
726 1965 753 2023 tv
767 1969 812 2021 ml
830 1966 927 2036 ποίημα
948 1965 1133 2031 exarantem
1149 1961 1226 2017 tart

178 2071 367 2147 προσ-ποιητικὸν
381 2075 471 2125 ἐκεῖνον
485 2063 549 2124 εἷναι
562 2075 612 2125 τῶν
624 2069 797 2140 Καλλιμάχου
810 2065 929 2134 βιβλίων,
938 2065 985 2119 καὶ
999 2061 1220 2139 bhhcrplmim

179 2173 294 2247 deiparae
307 2175 328 2228 δ’
343 2172 419 2228 adria
433 2167 655 2245 rpmrrdr'slfim
671 2176 701 2235 ὥς
713 2171 759 2224 καὶ
774 2171 870 2224 Νάσων
882 2169 894 2221 i
907 2165 1016 2234 ποιητὴς
1029 2168 1095 2221 οὕτω
1107 2189 1159 2230 πως
1169 2185 1227 2237 μορ·

179 2283 256 2352 τυρεῖ.
307 2281 329 2307 “
344 2270 384 2333 Iu
409 2272 490 2333 huuc
515 2270 738 2343 Callimachus,
763 2267 849 2350 quod
875 2286 951 2328 suos
973 2264 1033 2327 ille
1057 2264 1156 2328 libros
1175 2260 1227 2326 sihi

179 2382 353 2456 arrogaret,
374 2385 409 2436 et
431 2374 550 2436 alienos
575 2372 696 2435 labores
718 2391 775 2454 pro
798 2369 863 2432 suis
883 2366 1083 2440 venditaret,
1105 2364 1225 2429 maledi

178 2496 250 2537 cum
275 2496 402 2537 carmen
426 2475 538 2548 edidit,
555 2477 725 2557 ipsumque
747 2469 957 2554 Apollonium
981 2488 1157 2551 suppresso
1178 2487 1224 2528 oc

178 2577 263 2639 mine
290 2577 361 2639 Ibin
387 2576 572 2650 nominavit,
597 2574 865 2659 quemadmodum
892 2570 1037 2634 Ovidius
1068 2567 1227 2634 testatur?

178 2677 264 2740 Haec
287 2677 351 2749 illc,
369 2677 453 2759 quod
474 2679 559 2759 apud
586 2678 681 2740 alium
703 2685 786 2739 notae
813 2673 952 2736 melioris
978 2681 1147 2735 auctorem
1169 2689 1223 2733 uon

177 2779 306 2841 memini
327 2800 377 2840 me
394 2778 513 2861 legere,
531 2779 590 2839 nisi
605 2779 690 2861 quod
710 2777 793 2839 hunc
810 2794 948 2846 versum,
966 2774 1027 2854 qui
1042 2774 1131 2855 apud
1146 2791 1223 2834 eum-

177 2884 251 2945 dem
268 2880 474 2963 Apollonium
490 2889 605 2952 exstat,
618 2879 796 2963 Argonaut.
813 2877 866 2938 lib.
884 2875 904 2936 i.
920 2895 998 2957 pag.
1011 2875 1066 2937 64.
1084 2872 1221 2937 editionis

179 2983 384 3067 Stephanae,

335 3138 386 3189 Καὶ
401 3138 437 3189 τὰ
450 3134 496 3205 μὲν
511 3140 541 3198 ὡς
554 3133 656 3208 ipe->ma
671 3139 741 3206 μετὰ
754 3133 836 3208 χρόνον
850 3131 1034 3198 ἐκτελέεσθαι,

176 3282 364 3345 Callimachi
390 3303 515 3343 versum
544 3303 614 3343 esse
641 3283 679 3343 ah
705 3280 877 3363 Apollonio
904 3287 1111 3360 usurpatum,
1138 3284 1215 3338 setus

175 3386 273 3466 ipsius
297 3383 458 3465 Apollonii
488 3383 672 3446 scholiastes
698 3385 821 3446 asserit.
869 3380 1093 3443 Nicodemum
1123 3389 1214 3442 auten

177 3486 386 3549 Frisohlinum
417 3505 514 3566 quum
544 3485 575 3546 iu
605 3486 821 3548 testimouium
853 3482 986 3555 adduxi,
1018 3483 1150 3545 miseret
1175 3499 1213 3542 me

176 3586 370 3649 acerbissimi
394 3586 463 3667 ejus
487 3585 561 3647 sati:
586 3608 668 3659 nam,
692 3608 789 3669 quum
815 3586 854 3647 oh
879 3605 929 3656 ea,
954 3605 1031 3663 quae
1055 3605 1114 3646 ore
1138 3580 1213 3645 nimis

176 3686 275 3747 libero
299 3686 469 3748 effutiisset
494 3687 525 3747 iu
550 3687 631 3748 viros
656 3687 876 3758 nobilissimos,
898 3684 1084 3767 Mogontioe
1109 3687 1140 3747 in
1162 3702 1213 3745 cst·

175 3808 280 3849 cerem
305 3788 469 3869 conjectus
495 3798 591 3863 esset,
615 3789 754 3872 indeque
780 3789 938 3850 deductus
962 3787 1051 3850 foret
1074 3789 1108 3851 iu
1131 3784 1211 3848 wur-

175 3888 361 3971 tembergici
379 3889 435 3949 soli
449 3909 554 3951 arcem
570 3888 912 3952 Hohenauracensem:
929 3908 994 3971 quo
1008 3889 1212 3971 captivitatem

174 3991 342 4072 effugeret,
359 4009 479 4070 pannos
496 3989 632 4063 discidit,
650 4000 695 4066 ut,
713 3991 760 4053 his
782 3991 950 4073 colligatis,
967 4009 1005 4051 se
1024 3990 1212 4053 demitteret

174 4093 229 4155 sed
254 4090 433 4174 hujusmodi
450 4089 535 4152 funis
555 4091 690 4172 perfidia
708 4093 741 4156 iu
762 4093 838 4156 alias
857 4091 1003 4173 aliasque
1026 4102 1133 4174 petras
1146 4106 1210 4171 prs·
