2806 5018
176 349 242 418 496
469 349 510 414 P.
534 346 696 413 ovlurr
721 348 932 414 NASONIS

180 525 228 595 Di
247 545 401 618 quoque
418 530 494 594 tam
512 520 651 594 faciant
668 522 790 618 possis
807 521 974 618 gaudere
991 521 1101 595 fideli
1155 522 1218 592 355

228 637 413 733 Conjuge,
433 660 547 733 quam
564 636 668 710 Talai
687 637 954 736 Tyndareique
972 661 1116 734 gener;

177 752 349 848 Quaeque
366 774 497 849 parare
514 752 592 823 suis
610 752 727 825 letum
745 752 979 849 patruelibus
999 775 1107 825 ausae

228 866 382 940 Belides
401 866 558 940 adsidua
575 867 672 940 colla
688 880 908 966 premuntur
925 869 1051 965 aqua!

177 982 361 1079 Byblidos
379 994 419 1056 et
436 982 619 1068 Canaces,
638 985 737 1056 sicut
754 984 855 1070 sacit,
874 986 1009 1058 ardeat
1023 985 1135 1079 igne3

226 1096 321 1182 Nec,
342 1097 411 1169 nisi
430 1120 498 1193 per
515 1097 669 1182 crimen,
689 1098 739 1172 sit
758 1099 826 1172 tibi
844 1110 934 1173 nota
950 1123 1072 1173 soror.
1153 1099 1215 1169 360

176 1210 271 1284 Filia
288 1211 320 1284 si
336 1211 459 1297 fuerit,
474 1210 524 1284 sit
540 1214 641 1308 quod
661 1214 827 1312 Pelopea
840 1215 1037 1313 Thyestae,

226 1325 381 1423 Myrrha
399 1352 467 1401 suo
484 1329 595 1424 patri,
614 1328 918 1426 Nyctimeneque
937 1353 1023 1402 suo.

176 1442 260 1515 Neu
276 1443 351 1541 pia,
371 1467 463 1517 neve
483 1445 601 1540 magis
618 1447 733 1543 capiti
751 1447 802 1519 sit
817 1446 893 1520 fida
910 1457 1088 1544 patemo,

225 1557 349 1640 Quam
366 1558 435 1631 tibi
452 1558 523 1645 vel,
543 1558 706 1646 Pterela,
725 1562 785 1635 vel
801 1561 880 1647 tibi,
901 1559 1013 1646 Nise,
1032 1560 1126 1647 fuit;

208 1734 264 1782 356.
287 1733 398 1797 Cony'uge,
417 1749 484 1796 quam
506 1732 592 1796 Talai]
620 1734 671 1782 Eri-
722 1733 870 1784 fabulantur:
888 1732 990 1782 undeet
1001 1733 1039 1781 illi
1050 1748 1146 1781 nomen.
1176 1729 1215 1778 llic

175 1806 257 1872 phyle,
278 1806 417 1871 Amphiarai
442 1822 508 1861 uxor,
525 1806 594 1855 Talai
614 1805 671 1866 filia,
720 1817 791 1857 etate
799 1807 908 1872 grandior
916 1807 1215 1871 Atreumethgamuno·

175 1880 288 1929 latentem
299 1880 407 1928 maritum
421 1895 450 1927 ue
466 1880 497 1928 ad
510 1880 600 1928 bellum
609 1881 671 1929 The·
722 1898 775 1930 nem
787 1881 881 1930 occidit.
909 1881 975 1930 Vri.
987 1881 1079 1930 Anna.

173 1955 262 2003 henum
277 1955 329 2009 iret,
344 1953 369 2002 in
383 1968 431 2017 quo
444 1969 487 2017 per
503 1953 602 2017 auguria
618 1969 670 2018 pro
753 1956 810 2003 362.
845 1953 1009 2017 Nyctimene]
1045 1955 1130 2013 Quum
1154 1950 1215 2017 patri

175 2036 284 2093 sperent
292 2043 317 2075 se
325 2028 462 2092 periturum.
469 2027 670 2092 prodiditoorrup·
721 2027 872 2077 concubitum
882 2035 945 2075 esset
955 2027 1086 2083 adsecuta,
1097 2027 1184 2093 pedm
1194 2024 1214 2071 ir

175 2110 201 2150 ta
213 2101 303 2156 monili,
313 2101 377 2164 quod
393 2100 450 2148 olim
462 2100 544 2149 Venus
560 2101 671 2165 possede·
720 2117 788 2151 avem
804 2115 915 2150 conversa
931 2101 968 2148 rui
985 2101 1101 2158 nominis,
1111 2102 1165 2150 lnce
1177 2113 1213 2146 noo

174 2182 225 2223 rat:
238 2174 396 2236 deprehensus
405 2173 511 2230 maritus,
518 2173 671 2222 etinbellum
721 2176 791 2232 volat,
802 2175 898 2239 solaque
910 2182 976 2222 amet
987 2175 1110 2224 tenebras.
1137 2171 1214 2223 ratur

174 2248 322 2313 proficiscens
332 2248 462 2296 Alcmaeoni
476 2249 525 2296 filio
540 2248 669 2303 mandarit,
719 2258 756 2299 eat
766 2248 828 2315 apud
839 2246 953 2296 Ovidium
968 2247 994 2295 in
1005 2247 1050 2296 lib.
1062 2248 1092 2295 ii.
1102 2249 1164 2296 Met.
1173 2260 1212 2292 var.

175 2333 202 2371 ut
216 2339 288 2387 quum
307 2331 412 2371 mortuus
426 2332 498 2379 esset,
509 2331 623 2371 mactaret
633 2332 670 2371 tu·
719 2324 776 2372 591.
793 2323 863 2370 Dori.
897 2321 1140 2383 Myrrhamopatri.
1169 2316 1214 2367 rat

175 2399 239 2445 mulo
260 2414 302 2446 suo
322 2397 459 2462 Eriphylam
476 2409 590 2454 matrem
606 2397 671 2461 quod
720 2394 969 2461 Cinyre,Cypriorum
980 2392 1213 2459 registilnttynta

175 2470 264 2519 lactum
276 2478 320 2526 ast,
330 2471 370 2519 sod
382 2477 463 2534 postea
477 2470 573 2518 insanus
587 2470 671 2518 laetus.
721 2487 773 2535 qun
794 2479 821 2518 ut
841 2469 866 2517 in
888 2485 913 2520 x·
934 2469 1131 2534 Metamorphna.
1150 2465 1211 2516 inor

176 2543 333 2606 Tyndareique
350 2559 427 2606 gener.
450 2543 613 2605 Agamemnon
629 2558 670 2606 ge·
721 2559 775 2592 cum
790 2552 857 2608 patre
872 2542 1021 2601 concubam
1037 2557 1054 2590 ι
1067 2557 1117 2605 qno
1131 2539 1213 2604 cognite

174 2631 215 2664 ner
225 2615 329 2678 Tyndari
341 2618 407 2676 (narn
416 2614 598 2676 Clytaemnestra
605 2615 669 2678 Tyn·
720 2633 803 2683 parum
818 2616 894 2665 abfuit
909 2615 967 2680 quin
985 2615 1154 2675 occidentem
1167 2627 1212 2662 ur!

175 2688 225 2738 dari
246 2687 294 2735 hlla
321 2687 371 2741 luit,
394 2695 419 2734 ut
446 2687 527 2734 scribit
550 2688 668 2748 Pausan.)
720 2690 800 2740 stricto
810 2690 889 2754 gladio
899 2690 1040 2754 eampetiit,
1050 2706 1106 2754 qne
1117 2690 1142 2737 in
1152 2687 1212 2753 pedet

174 2760 311 2809 interiectus
321 2771 356 2808 est
368 2761 397 2807 ab
410 2776 480 2807 uxore
488 2760 548 2808 dolis
557 2761 669 2824 AEgisthi.
720 2782 745 2816 se
763 2765 836 2820 dedit,
851 2765 875 2811 in
892 2763 1010 2811 Arabiam
1028 2781 1122 2828 usque:
1143 2761 1178 2810 nbi
1192 2760 1210 2806 in

175 2836 247 2885 Dou.
720 2839 837 2903 myrrham
853 2839 960 2885 arborem
978 2837 1069 2885 dicitur
1086 2847 1181 2890 munta,
1192 2843 1212 2881 et

207 2915 263 2962 359.
281 2912 373 2974 utura]
386 2911 465 2960 Mileti
476 2911 525 2962 filia
535 2922 559 2960 ct
568 2913 669 2975 Cyanes,
720 2914 829 2961 Adonem
847 2910 1041 2959 formosissimum
1060 2911 1170 2965 edidisse,
1178 2907 1211 2971 qui

174 2987 283 3036 Caunum
311 2987 406 3034 fratrem
427 2985 545 3049 impudice
566 2985 667 3043 amavit;
720 2984 1144 3035 adeoavenerecredituramarus.
1160 2986 1211 3032 er.

173 3063 242 3125 cujus
253 3062 405 3109 concubitum
419 3069 493 3122 quum
510 3059 607 3123 adsequi
624 3075 669 3106 uon
752 3062 808 3108 ³64.
833 3058 948 3120 Pterela]
978 3058 1119 3108 Thebarum
1141 3070 1212 3111 rent

174 3144 260 3198 posset,
282 3134 393 3197 lacrymis
411 3133 501 3196 liquata
522 3142 557 3180 est
577 3134 601 3179 in
618 3133 668 3179 son·
720 3136 820 3186 Creonte
837 3142 934 3181 necatus
947 3142 994 3188 est,
1005 3133 1140 3196 proditione
1150 3131 1209 3192 Paly-

173 3217 238 3265 tem3
265 3207 336 3254 Ovid.
356 3207 447 3254 lihir.
468 3207 529 3252 Mer,
548 3207 602 3253 45³.
637 3206 670 3252 Ι).
719 3211 785 3257 dices
796 3205 954 3266 liliae;0vid.
965 3207 1134 3254 Metamviii.
1163 3204 1211 3257 Tu·

175 3282 207 3328 Et
229 3282 336 3328 Canaces.
371 3279 425 3327 Fuit
447 3280 542 3327 Canace
562 3279 624 3326 AEoli
645 3287 669 3325 et
722 3282 851 3347 Nirey'uit.
878 3279 996 3333 Pandion,
1010 3280 1161 3328 Athenarum
1170 3293 1210 3328 rer.

173 3354 308 3418 Amphitee
323 3355 387 3412 hlla3
404 3356 473 3417 cujus
491 3353 575 3401 ardens
591 3368 669 3400 amore
719 3366 819 3420 quatuor
830 3352 912 3401 habuit
923 3352 1100 3408 filios,Nisum‚
1112 3354 1210 3415 AEgeam.

172 3429 300 3476 Macareus
311 3428 381 3475 frater
392 3442 443 3474 earn
456 3426 559 3472 violavit.
581 3427 669 3472 Verum
720 3432 819 3493 Lycum,
828 3427 970 3476 Pallantem.
1005 3426 1027 3472 N
1031 3429 1091 3482 iaus,
1098 3428 1210 3489 ,tregam

173 3512 302 3565 conceptus
313 3499 569 3563 inlansremvulgavit.
586 3499 670 3545 AEolua
719 3504 780 3550 sium
801 3518 850 3554 rex,
866 3502 976 3547 obsessus
998 3516 1012 3547 a
1029 3501 1126 3554 Minoe.
1144 3496 1210 3563 yrod'r

173 3577 251 3639 itaque
261 3576 313 3621 hliae
327 3591 406 3622 ensem
417 3573 496 3632 misi13
507 3589 560 3636 quae
573 3584 669 3635 accepto
721 3577 782 3624 tione
799 3574 885 3637 Scylla
900 3573 965 3627 hlire,
977 3589 1032 3637 quac
1046 3574 1136 3621 Minoia
1146 3584 1211 3619 amore

172 3665 227 3697 ense
249 3648 363 3710 flagitium
383 3664 397 3695 a
415 3648 485 3695 fratre
503 3648 594 3694 illatum
612 3661 669 3693 nece
720 3660 790 3714 capta
804 3658 848 3704 est,
859 3647 947 3695 crinem
962 3647 1064 3695 fatalem
1075 3647 1161 3698 amisit.
1171 3645 1209 3691 sir·

172 3737 216 3768 aua
229 3721 278 3768 ulta
289 3729 334 3767 est.
353 3721 458 3771 Desste,
719 3741 766 3787 que
781 3724 934 3782 interemptus
945 3730 998 3779 est;
1016 3722 1094 3769 Ovid.
1105 3721 1153 3768 viii·
1162 3720 1208 3766 Mc·

205 3797 260 3841 361.
278 3794 337 3840 Filio
348 3798 366 3840 si
371 3795 473 3858 jherit]
492 3793 606 3856 Pelopeia
615 3808 668 3840 cum
719 3797 835 3861 tamor-ph.
862 3797 933 3843 Dora.
970 3796 1049 3848 Qum
1065 3794 1209 3843 suasura

172 3876 238 3933 patre
255 3867 359 3931 Thyeste
377 3868 451 3915 inscio
470 3866 613 3914 concubuit:
639 3883 667 3914 ex
718 3875 776 3919 reto.
812 3873 849 3919 De
871 3869 1018 3932 Taphiorum
1044 3885 1101 3933 rege
1125 3868 1209 3931 ejusque

172 3960 219 4007 quo
230 3943 317 3990 nefario
326 3943 453 3990 concubitu
466 3943 589 4004 :Egisthus
600 3952 668 3988 natus
720 3945 767 3992 lilia
779 3943 931 3992 Coruaethone
942 3942 1024 3989 locum
1040 3942 1155 4004 intellige,
1165 3952 1208 4001 qut

171 4027 221 4065 est:
241 4033 310 4080 quem
323 4033 336 4064 a
348 4026 430 4069 matre,
442 4027 467 4062 ut
478 4017 555 4062 scelus
569 4025 666 4077 tegeret,
719 4017 819 4082 Cephali
829 4032 907 4064 amore
916 4025 998 4077 capta,
1007 4016 1110 4079 patriam
1120 4023 1209 4078 patrem·

171 4091 194 4139 in
206 4091 278 4155 sylvis
288 4088 430 4155 expositum,
442 4104 456 4135 a
467 4087 543 4152 capris
554 4087 666 4136 nutritum
718 4107 764 4154 que
776 4089 881 4136 hostibus
892 4087 1009 4152 prodidit.
1028 4090 1097 4137 Van.
