2806 5018
159 338 224 402 118
405 337 474 400 ΔΙ)
498 335 671 400 Lll'lAIll
697 332 964 397 Arctsru

164 510 215 584 Et
230 512 432 608 quisquam
452 509 557 603 leges
575 508 691 580 nudet
707 508 775 579 tibi
791 507 920 578 dicere
935 505 1084 578 flendi!

214 625 266 699 Et
282 627 486 722 quisquam
506 626 679 697 lacrimas
695 636 882 720 temperat
897 646 962 694 ore
981 620 1098 692 tuns?

164 740 239 815 Hei
265 741 377 814 mibi!
404 764 519 838 quam
543 740 653 813 facile
677 751 750 823 est,
773 738 947 834 quemvis
968 736 1033 808 bic
1059 734 1214 829 contigit

314 880 460 939 omnes,

215 971 381 1045 Alterius
399 972 504 1043 luctu
522 970 631 1041 fortia
648 969 764 1041 verba
781 966 906 1062 loqui!
1175 967 1215 1033 10

167 1085 324 1160 Scilicet
339 1087 479 1184 exiguo
496 1109 677 1184 percussu
694 1109 736 1156 es
753 1083 922 1155 fulminis
939 1081 1046 1167 ictu;

218 1200 364 1275 Fortior
381 1211 423 1273 ut
439 1201 562 1299 possis
580 1201 752 1272 cladibus
769 1223 856 1272 esse
871 1197 961 1269 mis.

56 1396 67 1414 ,
168 1314 322 1390 Occidit
339 1317 555 1414 exemplum
569 1314 721 1410 juvenis
737 1313 951 1387 venerabile
968 1335 1135 1391 morum.

218 1431 410 1505 Maximus
428 1432 491 1505 ille
510 1432 635 1516 armis,
655 1430 842 1503 maximus
858 1428 923 1499 ille
940 1440 1046 1522 toga

168 1544 239 1620 Ille
257 1548 369 1619 modo
387 1547 526 1644 eripuit
542 1547 749 1620 latebrosus
767 1544 939 1616 hostibus
956 1541 1007 1613 A]
1085 1599 1096 1625 ,
1176 1543 1212 1611 15

220 1659 271 1733 Et
286 1662 436 1734 titulum
455 1662 544 1734 belli
562 1661 653 1745 dux,
673 1661 770 1732 duce
789 1657 914 1738 fratre,
933 1565 1083 1727 tuliiieg

199 1947 260 2003 7,8·
283 1949 314 1997 Et
330 1953 445 2012 quisquan
465 1954 524 2014 leges
541 1954 610 1997 audet
626 1952 668 1996 tibi
717 1942 1213 2011 sutrigairnodieqnnoeilemm·

165 2023 343 2087 diensjicndi]
379 2024 440 2080 Quis
450 2024 476 2071 in
489 2034 556 2072 tento
571 2032 668 2087 unque
718 2031 774 2070 tuns
790 2021 852 2069 est-''
884 2018 993 2067 Costa
1008 2016 1078 2065 t'dt
1090 2010 1213 2064 mi

163 2093 229 2158 justo
245 2095 333 2153 dolore,
343 2097 421 2160 flendi
438 2095 534 2144 modum
553 2104 596 2144 eut
611 2098 670 2160 leges
717 2096 763 2143 97:
775 2091 1213 2155 ‘'Illm...srtminiqtitns.on·

167 2168 463 2235 tudesttibipmciperel
495 2169 669 2218 &lanuini
718 2168 804 2222 sulen.
824 2174 935 2230 egentem
954 2178 1049 2212 anm
1070 2162 1214 2214 trinit.

168 2240 257 2293 decu
279 2243 362 2292 umas
382 2245 413 2294 td
436 2243 521 2307 Virgil.
542 2243 573 2292 de
594 2253 669 2292 morte
718 2242 820 2307 rapuit?
852 2235 1214 2305 Apetinsrermtqnisn't

168 2314 294 2372 Quinctilii
302 2316 371 2372 Veri,
380 2316 423 2365 lib.
432 2316 448 2364 i.
460 2315 509 2364 Od.
518 2316 566 2364 24:
583 2316 669 2373 “Quis
718 2331 749 2364 en
766 2331 812 2363 uon
829 2314 916 2368 verius,
927 2313 1030 2360 Suetin
1042 2311 1214 2360 Claudiur-

167 2385 284 2435 desiderio
304 2389 336 2437 sit
354 2388 430 2452 pudor
448 2399 491 2437 aut
507 2391 591 2437 modus
607 2390 667 2437 Ten
718 2398 768 2436 rat:
785 2396 803 2416 ‘⁸
816 2387 950 2436 Nonnullae
965 2384 1063 2434 undae
1082 2400 1154 2434 usu
1169 2398 1213 2431 su·

168 2459 218 2507 ceri
234 2460 504 2524 cepitisl”-Nottnds
518 2463 542 2510 in
559 2463 667 2527 sequenti
717 2473 814 2528 pectunt
830 2477 886 2509 eum
901 2461 1022 2524 Angusto.
1037 2468 1215 2521 mentuunt

165 2530 255 2580 locutio
279 2534 330 2582 bec
352 2537 458 2583 luerim
477 2553 515 2584 ore
537 2547 668 2597 temperare,
717 2551 746 2583 ex
769 2533 907 2600 provincis:
933 2542 958 2579 et
979 2532 1039 2596 qnia
1063 2539 1215 2583 mem.

170 2606 668 2669 quodidem,acuerbisoonsolntoriisdo-
717 2625 801 2657 mm
820 2605 1000 2668 interceptu-2⁹
1042 2605 1092 2654 Cni
1112 2618 1167 2652 reo
1188 2618 1214 2649 u

168 2676 241 2725 lorem
253 2679 353 2745 alicujus
365 2682 511 2730 imminuere.
538 2684 600 2731 Hinc
611 2699 668 2731 sane
717 2683 774 2736 illis.
796 2697 850 2746 que
875 2681 980 2733 sentiret,
1008 2678 1100 2742 profari
1125 2677 1214 2729 litem

167 2750 265 2808 Statius,
284 2754 342 2801 Sili,
361 2756 421 2803 libro
440 2773 464 2803 v.
483 2756 562 2804 Carm.
581 2774 603 2803 v.
621 2758 666 2805 60:
717 2764 839 2819 grassante
860 2755 935 2817 magis
953 2767 983 2799 ac
1002 2753 1084 2814 mgis
1104 2759 1214 2814 regum

166 2832 184 2853 ‘¹
249 2827 296 2883 Qui
312 2827 391 2878 dicere
407 2829 484 2892 legem
501 2830 615 2885 ficubus,
627 2840 669 2878 eut
718 2831 762 2878 bus
773 2829 909 2877 assentandi
921 2826 1040 2875 libidine!

167 2899 225 2948 fines
237 2902 309 2951 audet
319 2919 413 2952 censere
424 2904 545 2952 dolendi.”
754 2907 791 2951 14.
810 2903 923 2950 illusimus
931 2898 1131 2964 immitem]
1149 2895 1214 2945 “Cu-

200 2975 224 3028 9,
245 2977 283 3022 10.
305 2976 351 3024 Hei
368 2979 438 3024 mibi!
458 2995 524 3039 quum
534 2977 611 3040 facile
627 2988 669 3032 est,
714 2979 754 3042 jus
765 2969 1214 3040 ingenium,<inquitVelleius,ii.9'l·)

168 3050 270 3096 Alterius
298 3054 363 3098 luctu
381 3052 459 3112 sortia
487 3052 552 3097 rerba
574 3051 665 3112 loquil]
718 3062 795 3099 utrum
811 3050 903 3098 bellicis
920 3047 996 3111 magis
1012 3043 1216 3111 operimenti·

168 3120 232 3169 Hine
248 3138 301 3172 vere
314 3133 337 3171 et
351 3124 484 3172 humaniter
496 3123 614 3171 Charinus
627 3123 668 3171 ille
719 3125 805 3172 vilibus
825 3121 945 3170 suffecerit
966 3120 1070 3174 artibus,
1089 3119 1115 3166 iu
1136 3120 1216 3166 neno

167 3194 579 3259 npudl'erent.rlnd.ii.Sc.i.ix.:
599 3197 667 3245 ”ra-
718 3198 781 3247 est.’'
815 3195 988 3259 Proximeque:
1012 3195 1141 3242 “Mum
1159 3200 1216 3240 certe

168 3267 213 3315 cilo
224 3285 313 3324 ornnes,
325 3287 398 3333 quum
411 3271 525 3324 valemus,
538 3281 602 3318 recta
612 3287 667 3318 cou-
718 3272 822 3320 dulcedo
833 3287 861 3318 ac
872 3267 986 3321 suavitas,
998 3277 1024 3315 et
1036 3268 1153 3316 adrasus
1164 3262 1216 3312 nni·

167 3341 219 3388 silin
241 3344 334 3405 egrotis
349 3343 448 3396 demun
470 3345 515 3399 Tu,
534 3344 553 3390 si
572 3344 609 3392 bic
627 3344 667 3398 sis,
718 3361 759 3393 cos
774 3361 843 3409 nequa
860 3359 887 3392 ac
902 3358 943 3407 per
954 3342 990 3389 sui
1003 3341 1135 3390 munatio
1145 3338 1214 3388 initui·

167 3413 235 3464 iliter
246 3416 334 3464 sentius
344 3417 369 3461 !'’
718 3419 797 3467 labilis
809 3418 881 3466 luisse
892 3415 1006 3465 dicitur.”

203 3490 240 3535 ll.
259 3491 349 3538 Scilicet
366 3496 454 3556 exiguo,
470 3491 529 3553 etc.]
549 3490 588 3538 Sic
603 3489 666 3536 enim
752 3495 789 3540 16.
808 3494 838 3540 Et
854 3494 949 3539 titulun
963 3491 1018 3538 belli
1033 3493 1091 3546 dur,
1103 3487 1215 3552 dms*

168 3569 246 3608 tecum
264 3562 310 3618 isti,
325 3562 355 3610 de
369 3564 457 3628 quibus
472 3563 554 3611 modo:
574 3579 621 3610 non
637 3578 666 3610 en
718 3578 760 3621 tre,
783 3565 860 3627 lulio]
889 3564 969 3612 Verbo
993 3563 1096 3627 quidem
1116 3560 1216 3612 Tiberini

166 3644 209 3691 est,
219 3651 291 3700 quarn
306 3638 427 3701 experiris,
435 3639 537 3703 jactura,
549 3654 602 3701 que
614 3638 663 3685 ani·
716 3643 795 3695 irater,
812 3648 838 3688 ut
854 3637 895 3702 qui
913 3646 971 3684 nutu
987 3638 1075 3701 mujur,
1092 3639 1143 3685 dus
1157 3649 1215 3682 exer·

167 3724 230 3758 mum
242 3711 387 3772 gravioribus
397 3723 515 3761 servatum
524 3712 665 3760 calamitati·
715 3715 777 3763 citus
788 3732 794 3773 3
811 3713 852 3761 sed
864 3728 918 3760 vere
933 3711 981 3759 dux
998 3710 1051 3767 ille,
1063 3711 1108 3775 qui
1122 3709 1215 3759 ducebtt

166 3783 210 3831 bus
222 3801 295 3849 usque
307 3786 367 3833 adeo
377 3785 463 3834 debent
474 3788 584 3850 affligere.
716 3788 747 3835 nd
764 3785 897 3841 victoriam,
912 3784 994 3848 sicque
1016 3787 1127 3841 titulun,
1141 3783 1165 3832 id
1177 3792 1214 3832 est.

201 3861 238 3907 1³.
258 3861 348 3908 Occidit
362 3863 484 3920 exemplum
487 3865 592 3922 juvenis,
606 3860 665 3922 etc.]
715 3861 811 3910 laudern
822 3875 915 3907 omnem
927 3861 979 3905 belli
988 3858 1063 3924 buJ'us
1073 3860 1140 3906 tutis
1166 3853 1214 3904 lid

166 3931 221 3979 Non
234 3932 383 3981 consentiunt
394 3933 454 3981 inter
464 3950 490 3981 se
501 3933 624 3999 scriptores
636 3932 665 3980 de
716 3936 774 3983 Dio.
790 3934 857 3983 Cass.
871 3933 913 3982 liv.
925 3943 951 3981 et
963 3932 1029 3980 Vell.
1044 3932 1144 3983 Paterc-
1156 3930 1214 3995 cuju

165 4007 245 4054 mortis
264 4022 349 4070 genere
367 4023 413 4070 quo
430 4007 524 4057 Drusus
542 4007 664 4056 occubuit.
716 4009 766 4056 hec
787 4017 842 4056 sunt
864 4008 952 4056 verbu:
978 4006 1130 4071 “Adjutore
1148 4001 1214 4070 operis

165 4079 246 4129 Livius
263 4080 325 4128 enirn
343 4081 446 4145 Epitom.
460 4081 501 4131 lib.
518 4083 583 4131 crl.:
602 4083 664 4129 ‘'Es
715 4081 771 4129 dato
798 4080 869 4128 lrutre
896 4078 971 4144 ipsius
1000 4079 1121 4143 (Tiberii)
1143 4079 1212 4128 Drutt

164 4152 277 4210 sructura,
289 4169 350 4217 equo
365 4170 435 4220 super
445 4171 498 4203 crus
512 4157 563 4219 ejus
574 4154 662 4219 collap-
716 4155 842 4204 Claudio.”
