<?xml version="1.0" encoding="UTF-8"?>
<!DOCTYPE html PUBLIC "-//W3C//DTD XHTML 1.0 Transitional//EN"
    "http://www.w3.org/TR/xhtml1/DTD/xhtml1-transitional.dtd">
<html xmlns="http://www.w3.org/1999/xhtml" xml:lang="en" lang="en">
 <head>
  <title>
</title>
<meta http-equiv="Content-Type" content="text/html;charset=utf-8" />
  <meta name='ocr-system' content='tesseract 3.04.00' />
  <meta name='ocr-capabilities' content='ocr_page ocr_carea ocr_par ocr_line ocrx_word'/>
</head>
<body>
  <div class='ocr_page' id='page_1' title='image "./povidiinasoniso03burmgoog_0354.png"; bbox 0 0 2806 5018; ppageno 0'>
   <div class='ocr_carea' id='block_1_1' title="bbox 470 362 1222 432">
    <p class='ocr_par' dir='ltr' id='par_1_1' title="bbox 470 362 1222 432">
     <span class='ocr_line' id='line_1_1' title="bbox 470 362 1222 432; baseline 0.009 -7"><span class='ocrx_word' id='word_1_1' title='bbox 470 362 525 426; x_wconf 91' lang='lat' dir='ltr'><strong>IN</strong></span> <span class='ocrx_word' id='word_1_2' title='bbox 549 362 711 427; x_wconf 91' lang='lat' dir='ltr'>OVIDII</span> <span class='ocrx_word' id='word_1_3' title='bbox 734 363 922 429; x_wconf 79' lang='lat' dir='ltr'><strong>FASTOS.</strong></span> <span class='ocrx_word' id='word_1_4' title='bbox 1155 367 1222 432; x_wconf 77' lang='lat'><strong>373</strong></span> 
     </span>
    </p>
   </div>
   <div class='ocr_carea' id='block_1_2' title="bbox 170 536 1226 1234">
    <p class='ocr_par' dir='ltr' id='par_1_2' title="bbox 170 536 1225 802">
     <span class='ocr_line' id='line_1_2' title="bbox 171 536 1225 620; baseline 0.009 -24"><span class='ocrx_word' id='word_1_5' title='bbox 171 555 248 596; x_wconf 88' lang='lat' dir='ltr'><strong>cum</strong></span> <span class='ocrx_word' id='word_1_6' title='bbox 272 543 332 609; x_wconf 90' lang='lat' dir='ltr'><strong>est,</strong></span> <span class='ocrx_word' id='word_1_7' title='bbox 349 541 383 596; x_wconf 91' lang='lat' dir='ltr'><strong>et</strong></span> <span class='ocrx_word' id='word_1_8' title='bbox 403 555 512 597; x_wconf 89' lang='lat' dir='ltr'><strong>omnes</strong></span> <span class='ocrx_word' id='word_1_9' title='bbox 534 536 607 598; x_wconf 89' lang='lat' dir='ltr'><strong>anni</strong></span> <span class='ocrx_word' id='word_1_10' title='bbox 629 556 756 599; x_wconf 91' lang='lat' dir='ltr'><strong>menses</strong></span> <span class='ocrx_word' id='word_1_11' title='bbox 778 538 1011 620; x_wconf 81' lang='lat' dir='ltr'><strong>complectitur,</strong></span> <span class='ocrx_word' id='word_1_12' title='bbox 1028 539 1225 605; x_wconf 89' lang='lat' dir='ltr'><strong>brevioribus</strong></span> 
     </span>
     <span class='ocr_line' id='line_1_3' title="bbox 170 637 1221 722; baseline 0.007 -24"><span class='ocrx_word' id='word_1_13' title='bbox 170 643 378 699; x_wconf 87' lang='lat' dir='ltr'><strong>tamencum</strong></span> <span class='ocrx_word' id='word_1_14' title='bbox 405 637 498 700; x_wconf 90' lang='lat' dir='ltr'><strong>notis.</strong></span> <span class='ocrx_word' id='word_1_15' title='bbox 546 637 698 701; x_wconf 88' lang='lat' dir='ltr'><strong>Marmori</strong></span> <span class='ocrx_word' id='word_1_16' title='bbox 723 639 909 722; x_wconf 90' lang='lat' dir='ltr'><strong>inscriptum</strong></span> <span class='ocrx_word' id='word_1_17' title='bbox 934 640 1062 703; x_wconf 87' lang='lat' dir='ltr'><strong>videtur</strong></span> <span class='ocrx_word' id='word_1_18' title='bbox 1086 643 1146 705; x_wconf 91' lang='lat' dir='ltr'><strong>sub</strong></span> <span class='ocrx_word' id='word_1_19' title='bbox 1168 643 1221 705; x_wconf 82' lang='lat' dir='ltr'><strong>Ti-</strong></span> 
     </span>
     <span class='ocr_line' id='line_1_4' title="bbox 172 739 276 802; baseline -0.01 -1"><span class='ocrx_word' id='word_1_20' title='bbox 172 739 276 802; x_wconf 88' lang='lat' dir='ltr'><strong>berio.</strong></span> 
     </span>
    </p>

    <p class='ocr_par' dir='ltr' id='par_1_3' title="bbox 172 840 1226 1111">
     <span class='ocr_line' id='line_1_5' title="bbox 216 840 1225 929; baseline 0.009 -26"><span class='ocrx_word' id='word_1_21' title='bbox 216 841 263 903; x_wconf 77' lang='lat'><strong>2⁰.</strong></span> <span class='ocrx_word' id='word_1_22' title='bbox 282 840 424 905; x_wconf 83' lang='lat' dir='ltr'><strong>Kalend.</strong></span> <span class='ocrx_word' id='word_1_23' title='bbox 444 842 710 926; x_wconf 82' lang='lat' dir='ltr'><strong>Cupranicorum,</strong></span> <span class='ocrx_word' id='word_1_24' title='bbox 729 844 787 905; x_wconf 92' lang='lat' dir='ltr'><strong>sub</strong></span> <span class='ocrx_word' id='word_1_25' title='bbox 803 866 866 927; x_wconf 94' lang='lat' dir='ltr'><strong>quo</strong></span> <span class='ocrx_word' id='word_1_26' title='bbox 882 845 1008 908; x_wconf 91' lang='lat' dir='ltr'><strong>nomine</strong></span> <span class='ocrx_word' id='word_1_27' title='bbox 1024 847 1142 929; x_wconf 71' lang='lat' dir='ltr'><strong>saepius</strong></span> <span class='ocrx_word' id='word_1_28' title='bbox 1158 848 1225 912; x_wconf 93' lang='lat' dir='ltr'><strong>edi-</strong></span> 
     </span>
     <span class='ocr_line' id='line_1_6' title="bbox 173 945 1226 1031; baseline 0.009 -25"><span class='ocrx_word' id='word_1_29' title='bbox 173 954 244 1006; x_wconf 89' lang='lat' dir='ltr'><strong>tum</strong></span> <span class='ocrx_word' id='word_1_30' title='bbox 262 953 321 1006; x_wconf 91' lang='lat' dir='ltr'><strong>est.</strong></span> <span class='ocrx_word' id='word_1_31' title='bbox 367 945 548 1028; x_wconf 88' lang='lat' dir='ltr'>Supersunt</span> <span class='ocrx_word' id='word_1_32' title='bbox 563 946 688 1009; x_wconf 91' lang='lat' dir='ltr'><strong>nonnisi</strong></span> <span class='ocrx_word' id='word_1_33' title='bbox 703 945 872 1027; x_wconf 86' lang='lat' dir='ltr'><strong>Augustus</strong></span> <span class='ocrx_word' id='word_1_34' title='bbox 893 955 926 1010; x_wconf 92' lang='lat' dir='ltr'><strong>et</strong></span> <span class='ocrx_word' id='word_1_35' title='bbox 948 948 1150 1031; x_wconf 84' lang='lat' dir='ltr'><strong>September,</strong></span> <span class='ocrx_word' id='word_1_36' title='bbox 1168 952 1226 1016; x_wconf 91' lang='lat' dir='ltr'><strong>sed</strong></span> 
     </span>
     <span class='ocr_line' id='line_1_7' title="bbox 172 1046 644 1111; baseline 0.006 -3"><span class='ocrx_word' id='word_1_37' title='bbox 172 1046 322 1109; x_wconf 82' lang='lat' dir='ltr'><strong>uberiore</strong></span> <span class='ocrx_word' id='word_1_38' title='bbox 338 1069 411 1111; x_wconf 87' lang='lat' dir='ltr'><strong>curn</strong></span> <span class='ocrx_word' id='word_1_39' title='bbox 428 1048 644 1111; x_wconf 82' lang='lat' dir='ltr'><strong>adnotatione.</strong></span> 
     </span>
    </p>

    <p class='ocr_par' dir='ltr' id='par_1_4' title="bbox 217 1148 1226 1234">
     <span class='ocr_line' id='line_1_8' title="bbox 217 1148 1226 1234; baseline 0.008 -23"><span class='ocrx_word' id='word_1_40' title='bbox 217 1148 263 1211; x_wconf 70' lang='lat'><strong>3⁰.</strong></span> <span class='ocrx_word' id='word_1_41' title='bbox 280 1148 421 1212; x_wconf 82' lang='lat' dir='ltr'><strong>Kalend.</strong></span> <span class='ocrx_word' id='word_1_42' title='bbox 438 1150 688 1225; x_wconf 81' lang='lat' dir='ltr'><strong>Amiterniuum,</strong></span> <span class='ocrx_word' id='word_1_43' title='bbox 707 1172 725 1213; x_wconf 91' lang='lat' dir='ltr'><strong>e</strong></span> <span class='ocrx_word' id='word_1_44' title='bbox 745 1152 1014 1234; x_wconf 70' lang='lat' dir='ltr'><strong>praestantissimis</strong></span> <span class='ocrx_word' id='word_1_45' title='bbox 1034 1152 1125 1217; x_wconf 86' lang='lat' dir='ltr'><strong>fastis</strong></span> <span class='ocrx_word' id='word_1_46' title='bbox 1145 1177 1226 1219; x_wconf 89' lang='lat' dir='ltr'><strong>mar-</strong></span> 
     </span>
    </p>
   </div>
   <div class='ocr_carea' id='block_1_3' title="bbox 173 1252 1278 4199">
    <p class='ocr_par' dir='ltr' id='par_1_5' title="bbox 173 1252 1227 1745">
     <span class='ocr_line' id='line_1_9' title="bbox 173 1252 1226 1338; baseline 0.005 -24"><span class='ocrx_word' id='word_1_47' title='bbox 173 1252 302 1326; x_wconf 90' lang='lat' dir='ltr'><strong>moreis,</strong></span> <span class='ocrx_word' id='word_1_48' title='bbox 320 1252 350 1313; x_wconf 92' lang='lat' dir='ltr'><strong>in</strong></span> <span class='ocrx_word' id='word_1_49' title='bbox 373 1253 458 1334; x_wconf 92' lang='lat' dir='ltr'><strong>quod</strong></span> <span class='ocrx_word' id='word_1_50' title='bbox 481 1253 674 1335; x_wconf 85' lang='lat' dir='ltr'><strong>peculiarem</strong></span> <span class='ocrx_word' id='word_1_51' title='bbox 697 1252 957 1315; x_wconf 90' lang='lat' dir='ltr'><strong>commentarium</strong></span> <span class='ocrx_word' id='word_1_52' title='bbox 978 1252 1152 1338; x_wconf 87' lang='lat' dir='ltr'><strong>Purpurini</strong></span> <span class='ocrx_word' id='word_1_53' title='bbox 1172 1257 1226 1320; x_wconf 88' lang='lat' dir='ltr'><strong>ba-</strong></span> 
     </span>
     <span class='ocr_line' id='line_1_10' title="bbox 173 1353 1225 1438; baseline 0.005 -21"><span class='ocrx_word' id='word_1_54' title='bbox 173 1353 234 1417; x_wconf 90' lang='lat' dir='ltr'><strong>bes</strong></span> <span class='ocrx_word' id='word_1_55' title='bbox 253 1354 285 1417; x_wconf 92' lang='lat' dir='ltr'><strong>iu</strong></span> <span class='ocrx_word' id='word_1_56' title='bbox 309 1355 476 1438; x_wconf 85' lang='lat' dir='ltr'><strong>Sallengre</strong></span> <span class='ocrx_word' id='word_1_57' title='bbox 495 1355 598 1437; x_wconf 92' lang='lat' dir='ltr'><strong>suppl.</strong></span> <span class='ocrx_word' id='word_1_58' title='bbox 623 1355 663 1417; x_wconf 89' lang='lat' dir='ltr'><strong>ad</strong></span> <span class='ocrx_word' id='word_1_59' title='bbox 680 1353 805 1417; x_wconf 72' lang='lat' dir='ltr'><strong>Graevii</strong></span> <span class='ocrx_word' id='word_1_60' title='bbox 819 1354 919 1437; x_wconf 90' lang='lat' dir='ltr'><strong>antiq.</strong></span> <span class='ocrx_word' id='word_1_61' title='bbox 936 1363 1010 1418; x_wconf 92' lang='lat' dir='ltr'><strong>tom.</strong></span> <span class='ocrx_word' id='word_1_62' title='bbox 1025 1358 1057 1418; x_wconf 83' lang='lat'><strong>3.</strong></span> <span class='ocrx_word' id='word_1_63' title='bbox 1074 1358 1225 1423; x_wconf 82' lang='lat' dir='ltr'><strong>effossum</strong></span> 
     </span>
     <span class='ocr_line' id='line_1_11' title="bbox 173 1441 1226 1543; baseline 0.003 -24"><span class='ocrx_word' id='word_1_64' title='bbox 173 1476 194 1519; x_wconf 90' lang='lat' dir='ltr'><strong>e</strong></span> <span class='ocrx_word' id='word_1_65' title='bbox 219 1457 387 1520; x_wconf 87' lang='lat' dir='ltr'><strong>ruderibus</strong></span> <span class='ocrx_word' id='word_1_66' title='bbox 415 1458 533 1519; x_wconf 91' lang='lat' dir='ltr'><strong>veteris</strong></span> <span class='ocrx_word' id='word_1_67' title='bbox 557 1441 716 1520; x_wconf 81' lang='lat' dir='ltr'><strong>Amiterni</strong></span> <span class='ocrx_word' id='word_1_68' title='bbox 742 1457 775 1518; x_wconf 92' lang='lat' dir='ltr'><strong>in</strong></span> <span class='ocrx_word' id='word_1_69' title='bbox 800 1456 925 1520; x_wconf 82' lang='lat' dir='ltr'><strong>Sabinis</strong></span> <span class='ocrx_word' id='word_1_70' title='bbox 949 1457 1056 1540; x_wconf 91' lang='lat' dir='ltr'><strong>(bodie</strong></span> <span class='ocrx_word' id='word_1_71' title='bbox 1081 1459 1226 1543; x_wconf 84' lang='lat' dir='ltr'><strong>Aquila.)</strong></span> 
     </span>
     <span class='ocr_line' id='line_1_12' title="bbox 174 1556 1227 1644; baseline 0.004 -24"><span class='ocrx_word' id='word_1_72' title='bbox 174 1556 332 1621; x_wconf 86' lang='lat' dir='ltr'><strong>Correcte</strong></span> <span class='ocrx_word' id='word_1_73' title='bbox 353 1558 409 1620; x_wconf 87' lang='lat' dir='ltr'><strong>aeri</strong></span> <span class='ocrx_word' id='word_1_74' title='bbox 428 1558 562 1622; x_wconf 89' lang='lat' dir='ltr'><strong>incisum</strong></span> <span class='ocrx_word' id='word_1_75' title='bbox 578 1567 628 1622; x_wconf 90' lang='lat' dir='ltr'><strong>est</strong></span> <span class='ocrx_word' id='word_1_76' title='bbox 649 1559 734 1641; x_wconf 91' lang='lat' dir='ltr'><strong>apud</strong></span> <span class='ocrx_word' id='word_1_77' title='bbox 750 1557 886 1641; x_wconf 90' lang='lat' dir='ltr'><strong>Foggin.</strong></span> <span class='ocrx_word' id='word_1_78' title='bbox 906 1580 937 1641; x_wconf 92' lang='lat' dir='ltr'><strong>p.</strong></span> <span class='ocrx_word' id='word_1_79' title='bbox 950 1558 1024 1622; x_wconf 85' lang='lat'><strong>100.</strong></span> <span class='ocrx_word' id='word_1_80' title='bbox 1071 1559 1140 1625; x_wconf 86' lang='lat' dir='ltr'><strong>Sex</strong></span> <span class='ocrx_word' id='word_1_81' title='bbox 1154 1583 1227 1644; x_wconf 91' lang='lat' dir='ltr'><strong>pos-</strong></span> 
     </span>
     <span class='ocr_line' id='line_1_13' title="bbox 174 1659 1001 1745; baseline 0.002 -24"><span class='ocrx_word' id='word_1_82' title='bbox 174 1659 310 1722; x_wconf 89' lang='lat' dir='ltr'><strong>teriores</strong></span> <span class='ocrx_word' id='word_1_83' title='bbox 325 1682 451 1723; x_wconf 88' lang='lat' dir='ltr'><strong>menses</strong></span> <span class='ocrx_word' id='word_1_84' title='bbox 467 1661 543 1723; x_wconf 90' lang='lat' dir='ltr'><strong>satis</strong></span> <span class='ocrx_word' id='word_1_85' title='bbox 558 1661 675 1745; x_wconf 88' lang='lat' dir='ltr'><strong>integri</strong></span> <span class='ocrx_word' id='word_1_86' title='bbox 691 1669 872 1745; x_wconf 89' lang='lat' dir='ltr'><strong>supersunt.</strong></span> <span class='ocrx_word' id='word_1_87' title='bbox 993 1664 1001 1675; x_wconf 88' lang='lat'>&#39;</span> 
     </span>
    </p>

    <p class='ocr_par' dir='ltr' id='par_1_6' title="bbox 173 1761 1228 2358">
     <span class='ocr_line' id='line_1_14' title="bbox 217 1761 1228 1829; baseline 0.007 -7"><span class='ocrx_word' id='word_1_88' title='bbox 217 1762 262 1824; x_wconf 75' lang='lat'><strong>4⁰.</strong></span> <span class='ocrx_word' id='word_1_89' title='bbox 287 1761 429 1825; x_wconf 85' lang='lat' dir='ltr'><strong>Kalend.</strong></span> <span class='ocrx_word' id='word_1_90' title='bbox 454 1763 662 1825; x_wconf 79' lang='lat' dir='ltr'><strong>Antiatiaum</strong></span> <span class='ocrx_word' id='word_1_91' title='bbox 688 1784 707 1825; x_wconf 92' lang='lat' dir='ltr'><strong>e</strong></span> <span class='ocrx_word' id='word_1_92' title='bbox 732 1763 900 1825; x_wconf 89' lang='lat' dir='ltr'><strong>ruderibus</strong></span> <span class='ocrx_word' id='word_1_93' title='bbox 927 1763 1044 1826; x_wconf 90' lang='lat' dir='ltr'><strong>theatri</strong></span> <span class='ocrx_word' id='word_1_94' title='bbox 1069 1764 1228 1829; x_wconf 88' lang='lat' dir='ltr'><strong>Antiatini</strong></span> 
     </span>
     <span class='ocr_line' id='line_1_15' title="bbox 173 1865 1226 1949; baseline 0.005 -23"><span class='ocrx_word' id='word_1_95' title='bbox 173 1865 293 1947; x_wconf 70' lang='lat' dir='ltr'><strong>(Auso)</strong></span> <span class='ocrx_word' id='word_1_96' title='bbox 311 1874 448 1937; x_wconf 90' lang='lat' dir='ltr'><strong>erutum,</strong></span> <span class='ocrx_word' id='word_1_97' title='bbox 464 1865 541 1927; x_wconf 92' lang='lat' dir='ltr'><strong>item</strong></span> <span class='ocrx_word' id='word_1_98' title='bbox 558 1865 750 1949; x_wconf 87' lang='lat' dir='ltr'><strong>posteriores</strong></span> <span class='ocrx_word' id='word_1_99' title='bbox 771 1887 830 1929; x_wconf 86' lang='lat' dir='ltr'><strong>sex</strong></span> <span class='ocrx_word' id='word_1_100' title='bbox 846 1887 973 1928; x_wconf 91' lang='lat' dir='ltr'><strong>menses</strong></span> <span class='ocrx_word' id='word_1_101' title='bbox 990 1866 1226 1949; x_wconf 87' lang='lat' dir='ltr'><strong>complectitur,</strong></span> 
     </span>
     <span class='ocr_line' id='line_1_16' title="bbox 175 1967 1226 2054; baseline 0.005 -25"><span class='ocrx_word' id='word_1_102' title='bbox 175 1987 312 2050; x_wconf 89' lang='lat' dir='ltr'><strong>qnorum</strong></span> <span class='ocrx_word' id='word_1_103' title='bbox 335 1968 467 2052; x_wconf 90' lang='lat' dir='ltr'><strong>singulis</strong></span> <span class='ocrx_word' id='word_1_104' title='bbox 490 1969 582 2030; x_wconf 89' lang='lat' dir='ltr'><strong>deest</strong></span> <span class='ocrx_word' id='word_1_105' title='bbox 605 1969 702 2031; x_wconf 89' lang='lat' dir='ltr'><strong>decas</strong></span> <span class='ocrx_word' id='word_1_106' title='bbox 724 1968 836 2050; x_wconf 89' lang='lat' dir='ltr'><strong>prima.</strong></span> <span class='ocrx_word' id='word_1_107' title='bbox 882 1967 1054 2050; x_wconf 88' lang='lat' dir='ltr'><strong>Inscriptio</strong></span> <span class='ocrx_word' id='word_1_108' title='bbox 1077 1969 1108 2032; x_wconf 92' lang='lat' dir='ltr'><strong>in</strong></span> <span class='ocrx_word' id='word_1_109' title='bbox 1133 1992 1226 2054; x_wconf 85' lang='lat' dir='ltr'><strong>supe·</strong></span> 
     </span>
     <span class='ocr_line' id='line_1_17' title="bbox 174 2069 1227 2153; baseline 0.005 -22"><span class='ocrx_word' id='word_1_110' title='bbox 174 2069 259 2132; x_wconf 90' lang='lat' dir='ltr'><strong>riore</strong></span> <span class='ocrx_word' id='word_1_111' title='bbox 277 2071 393 2133; x_wconf 83' lang='lat' dir='ltr'><strong>tabuloe</strong></span> <span class='ocrx_word' id='word_1_112' title='bbox 408 2080 499 2153; x_wconf 91' lang='lat' dir='ltr'><strong>parte</strong></span> <span class='ocrx_word' id='word_1_113' title='bbox 515 2080 662 2146; x_wconf 88' lang='lat' dir='ltr'><strong>testatur,</strong></span> <span class='ocrx_word' id='word_1_114' title='bbox 680 2072 812 2135; x_wconf 90' lang='lat' dir='ltr'><strong>incisum</strong></span> <span class='ocrx_word' id='word_1_115' title='bbox 834 2093 904 2135; x_wconf 91' lang='lat' dir='ltr'><strong>esse</strong></span> <span class='ocrx_word' id='word_1_116' title='bbox 920 2092 1057 2134; x_wconf 89' lang='lat' dir='ltr'><strong>marmor</strong></span> <span class='ocrx_word' id='word_1_117' title='bbox 1073 2094 1150 2135; x_wconf 90' lang='lat' dir='ltr'><strong>cura</strong></span> <span class='ocrx_word' id='word_1_118' title='bbox 1163 2074 1227 2136; x_wconf 93' lang='lat' dir='ltr'><strong>col·</strong></span> 
     </span>
     <span class='ocr_line' id='line_1_18' title="bbox 173 2172 1225 2258; baseline 0.003 -23"><span class='ocrx_word' id='word_1_119' title='bbox 173 2173 253 2256; x_wconf 87' lang='lat' dir='ltr'><strong>legii</strong></span> <span class='ocrx_word' id='word_1_120' title='bbox 268 2172 452 2236; x_wconf 90' lang='lat' dir='ltr'><strong>libertorum</strong></span> <span class='ocrx_word' id='word_1_121' title='bbox 463 2195 697 2256; x_wconf 86' lang='lat' dir='ltr'><strong>vernarumque</strong></span> <span class='ocrx_word' id='word_1_122' title='bbox 712 2175 824 2237; x_wconf 89' lang='lat' dir='ltr'><strong>domus</strong></span> <span class='ocrx_word' id='word_1_123' title='bbox 835 2174 994 2258; x_wconf 72' lang='lat' dir='ltr'><strong>Augustae</strong></span> <span class='ocrx_word' id='word_1_124' title='bbox 1010 2174 1042 2236; x_wconf 88' lang='lat' dir='ltr'><strong>in</strong></span> <span class='ocrx_word' id='word_1_125' title='bbox 1058 2173 1225 2238; x_wconf 85' lang='lat' dir='ltr'><strong>Antiatino</strong></span> 
     </span>
     <span class='ocr_line' id='line_1_19' title="bbox 175 2274 1015 2358; baseline 0.005 -22"><span class='ocrx_word' id='word_1_126' title='bbox 175 2295 307 2337; x_wconf 87' lang='lat' dir='ltr'><strong>secessu</strong></span> <span class='ocrx_word' id='word_1_127' title='bbox 325 2274 521 2358; x_wconf 89' lang='lat' dir='ltr'><strong>degentium,</strong></span> <span class='ocrx_word' id='word_1_128' title='bbox 539 2275 638 2356; x_wconf 91' lang='lat' dir='ltr'><strong>idque</strong></span> <span class='ocrx_word' id='word_1_129' title='bbox 654 2274 713 2337; x_wconf 93' lang='lat' dir='ltr'><strong>sub</strong></span> <span class='ocrx_word' id='word_1_130' title='bbox 730 2275 858 2339; x_wconf 88' lang='lat' dir='ltr'><strong>Claudii</strong></span> <span class='ocrx_word' id='word_1_131' title='bbox 872 2274 1015 2358; x_wconf 86' lang='lat' dir='ltr'><strong>imperio.</strong></span> 
     </span>
    </p>

    <p class='ocr_par' dir='ltr' id='par_1_7' title="bbox 175 2377 1227 2664">
     <span class='ocr_line' id='line_1_20' title="bbox 219 2377 1227 2461; baseline 0.001 -21"><span class='ocrx_word' id='word_1_132' title='bbox 219 2378 265 2440; x_wconf 76' lang='lat'><strong>5⁰.</strong></span> <span class='ocrx_word' id='word_1_133' title='bbox 288 2377 482 2441; x_wconf 81' lang='lat' dir='ltr'><strong>Pirtciortum</strong></span> <span class='ocrx_word' id='word_1_134' title='bbox 503 2378 543 2439; x_wconf 90' lang='lat' dir='ltr'><strong>ad</strong></span> <span class='ocrx_word' id='word_1_135' title='bbox 565 2386 705 2440; x_wconf 90' lang='lat' dir='ltr'><strong>montem</strong></span> <span class='ocrx_word' id='word_1_136' title='bbox 726 2377 873 2441; x_wconf 91' lang='lat' dir='ltr'><strong>Pincium</strong></span> <span class='ocrx_word' id='word_1_137' title='bbox 895 2387 1033 2451; x_wconf 89' lang='lat' dir='ltr'><strong>erutum,</strong></span> <span class='ocrx_word' id='word_1_138' title='bbox 1054 2386 1170 2461; x_wconf 70' lang='lat' dir='ltr'><strong>praeter</strong></span> <span class='ocrx_word' id='word_1_139' title='bbox 1192 2378 1227 2442; x_wconf 93' lang='lat' dir='ltr'><strong>li·</strong></span> 
     </span>
     <span class='ocr_line' id='line_1_21' title="bbox 175 2479 1226 2544; baseline 0.003 -3"><span class='ocrx_word' id='word_1_140' title='bbox 175 2489 262 2542; x_wconf 91' lang='lat' dir='ltr'><strong>teras</strong></span> <span class='ocrx_word' id='word_1_141' title='bbox 277 2480 467 2542; x_wconf 90' lang='lat' dir='ltr'><strong>nundinales</strong></span> <span class='ocrx_word' id='word_1_142' title='bbox 488 2488 521 2541; x_wconf 90' lang='lat' dir='ltr'><strong>et</strong></span> <span class='ocrx_word' id='word_1_143' title='bbox 541 2479 665 2540; x_wconf 90' lang='lat' dir='ltr'><strong>dierum</strong></span> <span class='ocrx_word' id='word_1_144' title='bbox 680 2479 820 2542; x_wconf 91' lang='lat' dir='ltr'><strong>rationes</strong></span> <span class='ocrx_word' id='word_1_145' title='bbox 841 2479 918 2541; x_wconf 93' lang='lat' dir='ltr'><strong>uihil</strong></span> <span class='ocrx_word' id='word_1_146' title='bbox 933 2479 1085 2543; x_wconf 88' lang='lat' dir='ltr'><strong>continet.</strong></span> <span class='ocrx_word' id='word_1_147' title='bbox 1131 2479 1226 2544; x_wconf 83' lang='lat' dir='ltr'><strong>Gom-</strong></span> 
     </span>
     <span class='ocr_line' id='line_1_22' title="bbox 175 2580 961 2664; baseline 0.003 -21"><span class='ocrx_word' id='word_1_148' title='bbox 175 2581 328 2664; x_wconf 89' lang='lat' dir='ltr'><strong>plectitur</strong></span> <span class='ocrx_word' id='word_1_149' title='bbox 342 2603 469 2644; x_wconf 90' lang='lat' dir='ltr'><strong>menses</strong></span> <span class='ocrx_word' id='word_1_150' title='bbox 484 2602 503 2643; x_wconf 90' lang='lat' dir='ltr'><strong>a</strong></span> <span class='ocrx_word' id='word_1_151' title='bbox 518 2581 540 2646; x_wconf 87' lang='lat' dir='ltr'><strong>J</strong></span> <span class='ocrx_word' id='word_1_152' title='bbox 545 2580 586 2645; x_wconf 89' lang='lat' dir='ltr'><strong>ul.</strong></span> <span class='ocrx_word' id='word_1_153' title='bbox 602 2582 642 2644; x_wconf 90' lang='lat' dir='ltr'><strong>ad</strong></span> <span class='ocrx_word' id='word_1_154' title='bbox 659 2582 777 2646; x_wconf 91' lang='lat' dir='ltr'><strong>Octob.</strong></span> <span class='ocrx_word' id='word_1_155' title='bbox 794 2582 961 2645; x_wconf 90' lang='lat' dir='ltr'><strong>inclusive.</strong></span> 
     </span>
    </p>

    <p class='ocr_par' dir='ltr' id='par_1_8' title="bbox 217 2683 1073 2767">
     <span class='ocr_line' id='line_1_23' title="bbox 217 2683 1073 2767; baseline 0.002 -21"><span class='ocrx_word' id='word_1_156' title='bbox 217 2683 263 2746; x_wconf 74' lang='lat'><strong>6⁰.</strong></span> <span class='ocrx_word' id='word_1_157' title='bbox 294 2684 485 2748; x_wconf 70' lang='lat' dir='ltr'><strong>Veneriorum</strong></span> <span class='ocrx_word' id='word_1_158' title='bbox 500 2683 625 2746; x_wconf 90' lang='lat' dir='ltr'><strong>Maium</strong></span> <span class='ocrx_word' id='word_1_159' title='bbox 641 2693 675 2746; x_wconf 90' lang='lat' dir='ltr'><strong>et</strong></span> <span class='ocrx_word' id='word_1_160' title='bbox 689 2683 821 2748; x_wconf 88' lang='lat' dir='ltr'><strong>Junium</strong></span> <span class='ocrx_word' id='word_1_161' title='bbox 839 2684 1073 2767; x_wconf 88' lang='lat' dir='ltr'><strong>complectitur.</strong></span> 
     </span>
    </p>

    <p class='ocr_par' dir='ltr' id='par_1_9' title="bbox 174 2786 1278 3885">
     <span class='ocr_line' id='line_1_24' title="bbox 218 2786 1227 2870; baseline 0 -20"><span class='ocrx_word' id='word_1_162' title='bbox 218 2787 265 2850; x_wconf 80' lang='lat'><strong>7⁰.</strong></span> <span class='ocrx_word' id='word_1_163' title='bbox 294 2787 481 2851; x_wconf 81' lang='lat' dir='ltr'><strong>Vaticanum</strong></span> <span class='ocrx_word' id='word_1_164' title='bbox 494 2809 513 2848; x_wconf 89' lang='lat' dir='ltr'><strong>a</strong></span> <span class='ocrx_word' id='word_1_165' title='bbox 526 2786 553 2848; x_wconf 91' lang='lat' dir='ltr'>F</span> <span class='ocrx_word' id='word_1_166' title='bbox 556 2786 684 2869; x_wconf 90' lang='lat' dir='ltr'><strong>ogginio</strong></span> <span class='ocrx_word' id='word_1_167' title='bbox 697 2787 831 2869; x_wconf 90' lang='lat' dir='ltr'><strong>primum</strong></span> <span class='ocrx_word' id='word_1_168' title='bbox 845 2787 967 2849; x_wconf 91' lang='lat' dir='ltr'><strong>editum</strong></span> <span class='ocrx_word' id='word_1_169' title='bbox 980 2787 1124 2850; x_wconf 89' lang='lat' dir='ltr'><strong>continet</strong></span> <span class='ocrx_word' id='word_1_170' title='bbox 1135 2809 1227 2870; x_wconf 86' lang='lat' dir='ltr'><strong>quos-</strong></span> 
     </span>
     <span class='ocr_line' id='line_1_25' title="bbox 176 2886 1226 2972; baseline 0.001 -22"><span class='ocrx_word' id='word_1_171' title='bbox 176 2889 251 2950; x_wconf 87' lang='lat' dir='ltr'><strong>dam</strong></span> <span class='ocrx_word' id='word_1_172' title='bbox 267 2886 388 2970; x_wconf 80' lang='lat' dir='ltr'><strong>Aprilis</strong></span> <span class='ocrx_word' id='word_1_173' title='bbox 405 2897 440 2951; x_wconf 91' lang='lat' dir='ltr'><strong>et</strong></span> <span class='ocrx_word' id='word_1_174' title='bbox 463 2887 572 2950; x_wconf 89' lang='lat' dir='ltr'><strong>Martii</strong></span> <span class='ocrx_word' id='word_1_175' title='bbox 590 2887 669 2950; x_wconf 92' lang='lat' dir='ltr'><strong>dies.</strong></span> <span class='ocrx_word' id='word_1_176' title='bbox 714 2887 891 2962; x_wconf 85' lang='lat' dir='ltr'><strong>Alifannm,</strong></span> <span class='ocrx_word' id='word_1_177' title='bbox 911 2888 1131 2972; x_wconf 86' lang='lat' dir='ltr'><strong>Exquilinam,</strong></span> <span class='ocrx_word' id='word_1_178' title='bbox 1150 2889 1226 2951; x_wconf 90' lang='lat' dir='ltr'><strong>Far-</strong></span> 
     </span>
     <span class='ocr_line' id='line_1_26' title="bbox 176 2989 1226 3073; baseline 0.001 -21"><span class='ocrx_word' id='word_1_179' title='bbox 176 2990 342 3053; x_wconf 89' lang='lat' dir='ltr'><strong>nesiauum</strong></span> <span class='ocrx_word' id='word_1_180' title='bbox 358 2990 486 3052; x_wconf 90' lang='lat' dir='ltr'><strong>minoris</strong></span> <span class='ocrx_word' id='word_1_181' title='bbox 502 2991 654 3052; x_wconf 87' lang='lat' dir='ltr'><strong>momenti</strong></span> <span class='ocrx_word' id='word_1_182' title='bbox 670 2998 754 3052; x_wconf 90' lang='lat' dir='ltr'><strong>sunt.</strong></span> <span class='ocrx_word' id='word_1_183' title='bbox 796 2989 962 3073; x_wconf 90' lang='lat' dir='ltr'><strong>Suppositi</strong></span> <span class='ocrx_word' id='word_1_184' title='bbox 976 3001 1094 3063; x_wconf 90' lang='lat' dir='ltr'><strong>autern,</strong></span> <span class='ocrx_word' id='word_1_185' title='bbox 1110 2998 1144 3052; x_wconf 87' lang='lat' dir='ltr'><strong>et</strong></span> <span class='ocrx_word' id='word_1_186' title='bbox 1158 2991 1226 3053; x_wconf 89' lang='lat' dir='ltr'><strong>fere</strong></span> 
     </span>
     <span class='ocr_line' id='line_1_27' title="bbox 175 3091 1226 3175; baseline -0.003 -20"><span class='ocrx_word' id='word_1_187' title='bbox 175 3113 218 3155; x_wconf 85' lang='lat' dir='ltr'><strong>ex</strong></span> <span class='ocrx_word' id='word_1_188' title='bbox 235 3091 354 3156; x_wconf 85' lang='lat' dir='ltr'><strong>Ovidio</strong></span> <span class='ocrx_word' id='word_1_189' title='bbox 371 3092 534 3174; x_wconf 89' lang='lat' dir='ltr'><strong>descripti,</strong></span> <span class='ocrx_word' id='word_1_190' title='bbox 552 3113 632 3175; x_wconf 91' lang='lat' dir='ltr'><strong>quos</strong></span> <span class='ocrx_word' id='word_1_191' title='bbox 652 3091 841 3155; x_wconf 88' lang='lat' dir='ltr'><strong>Mazochius</strong></span> <span class='ocrx_word' id='word_1_192' title='bbox 861 3091 973 3165; x_wconf 90' lang='lat' dir='ltr'><strong>edidit,</strong></span> <span class='ocrx_word' id='word_1_193' title='bbox 989 3091 1064 3154; x_wconf 88' lang='lat' dir='ltr'><strong>fasti</strong></span> <span class='ocrx_word' id='word_1_194' title='bbox 1085 3112 1142 3152; x_wconf 84' lang='lat' dir='ltr'><strong>sex</strong></span> <span class='ocrx_word' id='word_1_195' title='bbox 1165 3091 1226 3174; x_wconf 88' lang='lat' dir='ltr'><strong>pri-</strong></span> 
     </span>
     <span class='ocr_line' id='line_1_28' title="bbox 176 3194 1226 3257; baseline 0 -1"><span class='ocrx_word' id='word_1_196' title='bbox 176 3215 268 3257; x_wconf 90' lang='lat' dir='ltr'><strong>orum</strong></span> <span class='ocrx_word' id='word_1_197' title='bbox 282 3195 451 3257; x_wconf 91' lang='lat' dir='ltr'><strong>mensium.</strong></span> <span class='ocrx_word' id='word_1_198' title='bbox 476 3194 709 3257; x_wconf 89' lang='lat' dir='ltr'><strong>Kalendarium</strong></span> <span class='ocrx_word' id='word_1_199' title='bbox 723 3194 893 3257; x_wconf 88' lang='lat' dir='ltr'><strong>Rusticum</strong></span> <span class='ocrx_word' id='word_1_200' title='bbox 908 3194 1136 3257; x_wconf 89' lang='lat' dir='ltr'><strong>Farnesiauum</strong></span> <span class='ocrx_word' id='word_1_201' title='bbox 1152 3214 1226 3256; x_wconf 93' lang='lat' dir='ltr'><strong>con-</strong></span> 
     </span>
     <span class='ocr_line' id='line_1_29' title="bbox 175 3285 1278 3382; baseline -0.001 -22"><span class='ocrx_word' id='word_1_202' title='bbox 175 3308 226 3361; x_wconf 90' lang='lat' dir='ltr'><strong>tra</strong></span> <span class='ocrx_word' id='word_1_203' title='bbox 242 3296 458 3360; x_wconf 89' lang='lat' dir='ltr'><strong>Pontederam</strong></span> <span class='ocrx_word' id='word_1_204' title='bbox 480 3298 578 3382; x_wconf 87' lang='lat' dir='ltr'><strong>antiq.</strong></span> <span class='ocrx_word' id='word_1_205' title='bbox 600 3320 632 3381; x_wconf 95' lang='lat' dir='ltr'><strong>p.</strong></span> <span class='ocrx_word' id='word_1_206' title='bbox 647 3297 721 3361; x_wconf 79' lang='grc'><strong>393.</strong></span> <span class='ocrx_word' id='word_1_207' title='bbox 748 3298 889 3361; x_wconf 89' lang='lat' dir='ltr'><strong>vindicat</strong></span> <span class='ocrx_word' id='word_1_208' title='bbox 905 3297 1093 3381; x_wconf 89' lang='lat' dir='ltr'><strong>Foggiuius,</strong></span> <span class='ocrx_word' id='word_1_209' title='bbox 1109 3318 1141 3378; x_wconf 92' lang='lat' dir='ltr'><strong>p.</strong></span> <span class='ocrx_word' id='word_1_210' title='bbox 1151 3296 1227 3359; x_wconf 79' lang='lat'><strong>104.</strong></span> <span class='ocrx_word' id='word_1_211' title='bbox 1275 3285 1278 3291; x_wconf 40' lang='lat'>¹</span> 
     </span>
     <span class='ocr_line' id='line_1_30' title="bbox 176 3397 1226 3482; baseline -0.003 -18"><span class='ocrx_word' id='word_1_212' title='bbox 176 3400 384 3482; x_wconf 89' lang='lat' dir='ltr'><strong>Supersedeo</strong></span> <span class='ocrx_word' id='word_1_213' title='bbox 408 3422 577 3464; x_wconf 90' lang='lat' dir='ltr'><strong>recensere</strong></span> <span class='ocrx_word' id='word_1_214' title='bbox 603 3404 681 3475; x_wconf 94' lang='lat' dir='ltr'><strong>loca,</strong></span> <span class='ocrx_word' id='word_1_215' title='bbox 705 3401 759 3463; x_wconf 91' lang='lat' dir='ltr'><strong>ubi</strong></span> <span class='ocrx_word' id='word_1_216' title='bbox 780 3422 888 3463; x_wconf 90' lang='lat' dir='ltr'><strong>eorum</strong></span> <span class='ocrx_word' id='word_1_217' title='bbox 913 3399 944 3461; x_wconf 90' lang='lat' dir='ltr'><strong>in</strong></span> <span class='ocrx_word' id='word_1_218' title='bbox 970 3397 1089 3461; x_wconf 89' lang='lat' dir='ltr'><strong>Ovidio</strong></span> <span class='ocrx_word' id='word_1_219' title='bbox 1112 3399 1226 3481; x_wconf 89' lang='lat' dir='ltr'><strong>aliquis</strong></span> 
     </span>
     <span class='ocr_line' id='line_1_31' title="bbox 174 3501 1227 3589; baseline 0 -25"><span class='ocrx_word' id='word_1_220' title='bbox 174 3524 253 3564; x_wconf 88' lang='lat' dir='ltr'><strong>usus</strong></span> <span class='ocrx_word' id='word_1_221' title='bbox 272 3510 332 3576; x_wconf 90' lang='lat' dir='ltr'><strong>est,</strong></span> <span class='ocrx_word' id='word_1_222' title='bbox 349 3512 383 3565; x_wconf 91' lang='lat' dir='ltr'><strong>et</strong></span> <span class='ocrx_word' id='word_1_223' title='bbox 404 3524 513 3566; x_wconf 92' lang='lat' dir='ltr'><strong>eorum</strong></span> <span class='ocrx_word' id='word_1_224' title='bbox 536 3505 566 3567; x_wconf 94' lang='lat' dir='ltr'><strong>in</strong></span> <span class='ocrx_word' id='word_1_225' title='bbox 591 3506 736 3589; x_wconf 90' lang='lat' dir='ltr'><strong>gratiam,</strong></span> <span class='ocrx_word' id='word_1_226' title='bbox 754 3505 869 3587; x_wconf 91' lang='lat' dir='ltr'><strong>quibus</strong></span> <span class='ocrx_word' id='word_1_227' title='bbox 886 3501 1036 3586; x_wconf 81' lang='lat' dir='ltr'><strong>Fogginii</strong></span> <span class='ocrx_word' id='word_1_228' title='bbox 1057 3523 1146 3584; x_wconf 90' lang='lat' dir='ltr'><strong>opus,</strong></span> <span class='ocrx_word' id='word_1_229' title='bbox 1163 3522 1227 3564; x_wconf 92' lang='lat' dir='ltr'><strong>nou</strong></span> 
     </span>
     <span class='ocr_line' id='line_1_32' title="bbox 174 3586 1227 3687; baseline -0.002 -20"><span class='ocrx_word' id='word_1_230' title='bbox 174 3605 266 3687; x_wconf 88' lang='lat' dir='ltr'><strong>parvi</strong></span> <span class='ocrx_word' id='word_1_231' title='bbox 293 3586 481 3686; x_wconf 76' lang='lat' dir='ltr'><strong>parandum,</strong></span> <span class='ocrx_word' id='word_1_232' title='bbox 508 3628 571 3669; x_wconf 91' lang='lat' dir='ltr'><strong>non</strong></span> <span class='ocrx_word' id='word_1_233' title='bbox 599 3608 638 3668; x_wconf 93' lang='lat' dir='ltr'><strong>ad</strong></span> <span class='ocrx_word' id='word_1_234' title='bbox 669 3628 780 3669; x_wconf 90' lang='lat' dir='ltr'><strong>manus</strong></span> <span class='ocrx_word' id='word_1_235' title='bbox 807 3613 904 3679; x_wconf 91' lang='lat' dir='ltr'><strong>esset,</strong></span> <span class='ocrx_word' id='word_1_236' title='bbox 931 3604 1036 3687; x_wconf 87' lang='lat' dir='ltr'><strong>potius</strong></span> <span class='ocrx_word' id='word_1_237' title='bbox 1064 3603 1227 3686; x_wconf 90' lang='lat' dir='ltr'><strong>specimen</strong></span> 
     </span>
     <span class='ocr_line' id='line_1_33' title="bbox 174 3707 1226 3792; baseline 0.001 -23"><span class='ocrx_word' id='word_1_238' title='bbox 174 3707 337 3790; x_wconf 87' lang='lat' dir='ltr'><strong>quoddam</strong></span> <span class='ocrx_word' id='word_1_239' title='bbox 363 3709 515 3770; x_wconf 80' lang='lat' dir='ltr'><strong>fastorum</strong></span> <span class='ocrx_word' id='word_1_240' title='bbox 540 3710 622 3771; x_wconf 89' lang='lat' dir='ltr'><strong>iuter</strong></span> <span class='ocrx_word' id='word_1_241' title='bbox 644 3731 679 3771; x_wconf 92' lang='lat' dir='ltr'><strong>se</strong></span> <span class='ocrx_word' id='word_1_242' title='bbox 704 3717 958 3792; x_wconf 86' lang='lat' dir='ltr'><strong>comparatorum</strong></span> <span class='ocrx_word' id='word_1_243' title='bbox 983 3729 1001 3770; x_wconf 91' lang='lat' dir='ltr'><strong>e</strong></span> <span class='ocrx_word' id='word_1_244' title='bbox 1027 3729 1148 3782; x_wconf 91' lang='lat' dir='ltr'><strong>meuse,</strong></span> <span class='ocrx_word' id='word_1_245' title='bbox 1171 3707 1226 3790; x_wconf 90' lang='lat' dir='ltr'><strong>qui</strong></span> 
     </span>
     <span class='ocr_line' id='line_1_34' title="bbox 174 3809 888 3885; baseline 0.003 -15"><span class='ocrx_word' id='word_1_246' title='bbox 174 3809 343 3871; x_wconf 88' lang='lat' dir='ltr'><strong>uberiores</strong></span> <span class='ocrx_word' id='word_1_247' title='bbox 360 3819 451 3872; x_wconf 92' lang='lat' dir='ltr'><strong>notas</strong></span> <span class='ocrx_word' id='word_1_248' title='bbox 466 3810 574 3885; x_wconf 90' lang='lat' dir='ltr'><strong>habet,</strong></span> <span class='ocrx_word' id='word_1_249' title='bbox 591 3811 774 3874; x_wconf 87' lang='lat' dir='ltr'><strong>describere</strong></span> <span class='ocrx_word' id='word_1_250' title='bbox 793 3809 888 3873; x_wconf 86' lang='lat' dir='ltr'><strong>volui.</strong></span> 
     </span>
    </p>

    <p class='ocr_par' dir='ltr' id='par_1_10' title="bbox 174 3910 1226 4199">
     <span class='ocr_line' id='line_1_35' title="bbox 220 3910 1226 3996; baseline -0.001 -23"><span class='ocrx_word' id='word_1_251' title='bbox 220 3910 272 3973; x_wconf 93' lang='grc' dir='ltr'><strong>ΙΙ.</strong></span> <span class='ocrx_word' id='word_1_252' title='bbox 293 3912 436 3994; x_wconf 86' lang='lat' dir='ltr'><strong>Transeo</strong></span> <span class='ocrx_word' id='word_1_253' title='bbox 462 3922 569 3975; x_wconf 90' lang='lat' dir='ltr'><strong>au&#39;tem</strong></span> <span class='ocrx_word' id='word_1_254' title='bbox 596 3914 636 3974; x_wconf 89' lang='lat' dir='ltr'><strong>ad</strong></span> <span class='ocrx_word' id='word_1_255' title='bbox 663 3913 748 3976; x_wconf 90' lang='lat' dir='ltr'><strong>aliud</strong></span> <span class='ocrx_word' id='word_1_256' title='bbox 775 3912 1008 3996; x_wconf 86' lang='lat' dir='ltr'><strong>qualecumque</strong></span> <span class='ocrx_word' id='word_1_257' title='bbox 1040 3912 1226 3986; x_wconf 87' lang='lat' dir='ltr'><strong>subsidium,</strong></span> 
     </span>
     <span class='ocr_line' id='line_1_36' title="bbox 174 4012 1224 4098; baseline -0.001 -24"><span class='ocrx_word' id='word_1_258' title='bbox 174 4034 239 4097; x_wconf 91' lang='lat' dir='ltr'><strong>quo</strong></span> <span class='ocrx_word' id='word_1_259' title='bbox 269 4013 309 4074; x_wconf 85' lang='lat' dir='ltr'><strong>ad</strong></span> <span class='ocrx_word' id='word_1_260' title='bbox 338 4012 448 4076; x_wconf 88' lang='lat' dir='ltr'><strong>Ovidii</strong></span> <span class='ocrx_word' id='word_1_261' title='bbox 475 4023 697 4098; x_wconf 89' lang='lat' dir='ltr'><strong>argumentum</strong></span> <span class='ocrx_word' id='word_1_262' title='bbox 727 4023 832 4076; x_wconf 88' lang='lat' dir='ltr'><strong>tamen</strong></span> <span class='ocrx_word' id='word_1_263' title='bbox 859 4015 1004 4097; x_wconf 84' lang='lat' dir='ltr'><strong>proxime</strong></span> <span class='ocrx_word' id='word_1_264' title='bbox 1033 4014 1224 4095; x_wconf 90' lang='lat' dir='ltr'><strong>pertinente,</strong></span> 
     </span>
     <span class='ocr_line' id='line_1_37' title="bbox 174 4112 1225 4199; baseline -0.003 -23"><span class='ocrx_word' id='word_1_265' title='bbox 174 4114 297 4196; x_wconf 85' lang='lat' dir='ltr'><strong>priores</strong></span> <span class='ocrx_word' id='word_1_266' title='bbox 313 4115 516 4199; x_wconf 90' lang='lat' dir='ltr'><strong>interpretes,</strong></span> <span class='ocrx_word' id='word_1_267' title='bbox 534 4137 668 4198; x_wconf 89' lang='lat' dir='ltr'><strong>quorum</strong></span> <span class='ocrx_word' id='word_1_268' title='bbox 687 4126 830 4199; x_wconf 89' lang='lat' dir='ltr'><strong>tempore</strong></span> <span class='ocrx_word' id='word_1_269' title='bbox 847 4115 988 4178; x_wconf 90' lang='lat' dir='ltr'><strong>tenebris</strong></span> <span class='ocrx_word' id='word_1_270' title='bbox 1008 4113 1111 4176; x_wconf 91' lang='lat' dir='ltr'><strong>adbuc</strong></span> <span class='ocrx_word' id='word_1_271' title='bbox 1133 4112 1225 4174; x_wconf 89' lang='lat' dir='ltr'><strong>obru-</strong></span> 
     </span>
    </p>
   </div>
   <div class='ocr_carea' id='block_1_4' title="bbox 0 0 1413 5018">
    <p class='ocr_par' dir='ltr' id='par_1_11' title="bbox 0 0 1413 5018">
     <span class='ocr_line' id='line_1_38' title="bbox 0 0 1413 5018; baseline 0 0"><span class='ocrx_word' id='word_1_272' title='bbox 0 0 1413 5018; x_wconf 95' lang='lat' dir='ltr'><strong> </strong></span> 
     </span>
    </p>
   </div>
  </div>
 </body>
</html>
