2806 5018
366 392 420 456 IN
444 391 606 457 OVIDII
629 391 817 458 FASTOS.
1048 389 1113 455 669

56 562 169 625 sertim
180 563 353 628 Suetonius
368 565 414 629 ita
427 586 514 648 saepe
529 565 739 648 explicandus
752 575 813 628 est.
838 563 912 627 Hoc
924 564 994 628 loco
1008 585 1107 627 unum

57 673 94 726 et
112 664 247 729 alterum
263 688 326 739 non
346 689 411 731 uno
429 668 482 731 die
503 668 675 751 contigisse
690 667 758 751 jam
776 666 839 729 Dio
858 666 1034 729 tradiderat
1051 667 1108 731 liii.

54 765 120 841 16;
142 768 294 843 scribens,
311 769 446 851 primum
467 769 574 833 habita
593 770 634 832 de
649 769 830 832 dividendis
849 769 1022 851 provinciis
1038 790 1107 834 ora-

56 867 146 932 tione
167 891 291 934 coronae
315 893 447 955 quernae
470 871 604 935 honores
626 871 657 934 ei
680 871 838 945 decretos,
861 879 976 953 postea
997 879 1106 936 autern

55 988 144 1043 enm,
156 971 308 1054 perfectis
324 973 451 1035 demum
467 973 516 1046 iis,
530 994 601 1056 quae
617 972 776 1056 pollicitus
793 971 908 1046 luerat,
925 973 1107 1060 Aspustum

56 1070 179 1135 dictum
194 1094 283 1137 esse:
305 1075 346 1137 ad
364 1096 460 1157 quem
476 1074 581 1138 locum
593 1075 662 1158 jam
674 1075 844 1137 Reimarus
860 1075 1003 1138 diversas
1018 1085 1107 1139 nota-

58 1173 163 1237 tiones
183 1177 382 1241 conciliatum
404 1177 472 1239 ivit.
520 1176 603 1241 Cum
622 1176 728 1240 Dione
747 1177 790 1240 ita
809 1178 1016 1240 statuendum
1035 1200 1107 1242 esse

57 1275 194 1341 Verrius
216 1280 320 1354 docet,
343 1289 380 1342 ut
400 1281 432 1343 d.
453 1279 496 1344 13
516 1279 591 1344 Jan.
613 1303 738 1344 coronae
757 1301 889 1363 queruae
909 1279 1044 1343 honores
1065 1281 1107 1345 ob

55 1380 237 1462 provincias
252 1382 378 1456 divisas,
395 1382 447 1445 die
466 1381 509 1444 16
524 1382 653 1445 demum
668 1382 811 1465 Augusti
826 1402 1004 1466 cognomen
1020 1392 1106 1445 trax-

55 1481 121 1545 isse
134 1483 340 1574 intelligatur.
373 1484 427 1547 Ad
443 1485 475 1547 d.
494 1483 547 1547 13.
561 1484 612 1548 lrae.
625 1493 710 1548 notae
727 1485 853 1567 scriptae
869 1494 960 1549 sunt:
982 1484 1110 1548 Corona

55 1605 175 1668 quer..
191 1587 348 1673 ‚Aspuna
372 1608 466 1650 caer.
480 1635 487 1650 .
501 1635 508 1649 .
520 1587 585 1650 Po.
612 1587 655 1649 R.
682 1588 756 1651 Res.
780 1587 865 1671 quod
889 1587 1104 1671 supplendum

56 1685 143 1749 haud
159 1688 255 1752 dubie
270 1711 339 1753 cum
354 1690 529 1776 Foppiaio:
554 1689 682 1753 Corona
695 1711 817 1775 querna
832 1712 875 1752 ex
891 1688 926 1753 S.
939 1687 977 1753 C.
995 1708 1106 1773 super-

55 1789 163 1872 posita
177 1798 226 1853 est
241 1791 348 1856 domui
365 1792 448 1875 Imp.
465 1791 550 1855 Caes.
567 1793 719 1878 Aspasti,
734 1813 882 1855 onerosas
897 1791 982 1874 quod
999 1812 1038 1854 eo
1053 1791 1106 1856 die

54 1893 180 1976 recepit
204 1895 381 1977 provincias
404 1905 439 1955 et
464 1902 593 1976 pacatas
617 1893 747 1977 Populo
771 1894 918 1957 Romano
941 1892 1104 1956 Restituit.

55 1995 125 2058 Ad.
137 1997 169 2059 d.
178 1995 229 2058 16.
242 1997 376 2081 legitur:
392 1997 475 2080 Imp.
490 1996 602 2059 cesar
615 1997 778 2083 depastas
787 2005 834 2059 est
844 1994 1026 2080 appellatus
1037 1996 1106 2079 ipso

57 2098 112 2161 sii.
127 2107 158 2161 ct
171 2100 324 2185 Aprippa
342 2099 413 2162 Cos.
431 2099 486 2182 qui
501 2119 603 2162 annus
620 2108 670 2161 est
688 2099 730 2162 U.
748 2098 787 2162 C.
802 2096 890 2161 727(

102 2199 212 2264 1.637
228 2222 297 2284 sqq.
315 2201 356 2264 de
373 2200 562 2264 Concordiae
579 2200 650 2263 oede
667 2200 804 2264 Ovidius
820 2199 922 2263 canit:

215 2361 310 2419 Causa
322 2381 420 2420 recens
433 2360 549 2419 melior:
571 2381 667 2439 passos
681 2358 836 2420 Germania
849 2359 941 2418 crines

253 2455 379 2533 Porrigit
392 2455 534 2533 auspiciis,
549 2454 609 2512 dux
623 2454 793 2523 venerande,
808 2453 875 2513 tuis.

102 2607 155 2669 De
171 2628 253 2670 anno
269 2607 424 2691 disputari
440 2628 634 2690 magnopere
651 2614 789 2689 poterat.
829 2604 1003 2668 Suetonius
1019 2605 1103 2669 enim

53 2710 164 2772 Tiber.
182 2730 251 2792 cap.
267 2709 321 2772 20.
340 2709 417 2771 aedis
437 2708 673 2771 dedicationem
694 2709 800 2792 posuit
814 2717 890 2791 post
910 2707 1105 2791 triumphum

55 2811 180 2874 Tiberii
200 2811 241 2873 de
260 2811 433 2874 Pannoniis
455 2820 489 2872 et
509 2810 677 2883 Dalmatis,
698 2831 794 2893 quern
815 2820 941 2893 gestum
962 2831 1033 2873 esse
1052 2832 1104 2872 an.

56 2913 132 2976 765.
147 2921 234 2996 (aerae
251 2913 474 2989 Varronianae)
492 2911 687 2976 Germanico
703 2924 737 2975 et
752 2911 887 2975 Fonteio
903 2910 979 2974 Cos.
997 2910 1106 2973 Verrii

56 3016 148 3080 Fasti
163 3018 203 3079 ad
220 3017 251 3079 d.
270 3015 311 3079 16
325 3014 400 3079 Jan.
422 3017 520 3097 (conl.
533 3015 637 3100 Fogg.
654 3038 685 3099 p.
701 3015 767 3092 14.)
783 3015 909 3076 docent.
941 3011 1103 3075 Decretus

52 3119 120 3202 jam
145 3118 251 3181 fuerat
275 3118 444 3181 Dolabella
466 3128 499 3180 et
523 3117 580 3180 Sil.
603 3116 679 3180 Cos.
703 3116 792 3197 (Dio.
817 3115 858 3178 lv.
882 3114 949 3189 17.)
971 3114 1040 3188 sed,
1063 3115 1104 3177 ob

56 3222 220 3285 civitatem
250 3221 341 3284 clade
372 3220 514 3283 Variana
547 3230 707 3293 moestam,
736 3217 862 3280 dilatus.
916 3216 1103 3280 Secundum

57 3322 246 3386 Suetonium
264 3324 341 3386 aedis
361 3322 519 3386 dedicatio
538 3331 611 3405 post
629 3342 745 3411 annum
761 3319 836 3384 765.
859 3320 1000 3394 caderet,
1017 3319 1103 3402 quod

51 3425 119 3507 jam
142 3425 295 3489 refutavit
317 3424 459 3488 Messon.
483 3425 515 3487 in
538 3425 604 3487 vita
628 3422 746 3496 Ovidii,
770 3445 800 3506 p.
822 3422 896 3485 100.
917 3422 969 3484 ed.
990 3421 1102 3485 Burni.

55 3533 132 3589 tom.
155 3527 198 3589 iv.
243 3526 378 3590 Verrius
403 3548 487 3591 nunc
511 3528 616 3600 docet,
641 3526 756 3588 eodem
784 3546 865 3587 anno
891 3545 954 3607 quo
979 3544 1045 3606 pax
1070 3523 1103 3586 iu

57 3627 223 3691 Pannonia
251 3637 285 3692 et
317 3629 479 3692 Dalmatia
509 3629 685 3712 compositu
713 3635 773 3702 est,
804 3626 927 3690 scilicet
953 3626 1029 3690 762.
1062 3624 1101 3689 G.

56 3728 172 3793 Dolab.
191 3739 225 3793 et
245 3730 301 3794 Sil.
318 3730 394 3795 Cos.
414 3732 516 3794 aedem
539 3731 718 3794 dedicatam
741 3751 833 3804 esse;
856 3751 1024 3812 perperam
1045 3729 1103 3791 ita-

52 3853 118 3914 que
143 3831 332 3896 Suetonium
359 3847 432 3917 post
454 3834 646 3916 triumphum
668 3832 810 3897 habitum
838 3835 993 3917 posuisse,
1019 3833 1103 3916 quod

50 3935 160 3996 statim
176 3943 249 4017 post
263 3935 381 3998 bellurn
397 3936 606 4018 compositum
623 3936 743 3998 factum
759 3945 838 3998 erat.

95 4036 152 4101 Ad
169 4037 263 4101 Fast.
280 4039 323 4101 iii.
338 4038 413 4102 419.
436 4040 481 4120 ((1.
500 4038 532 4101 6.
554 4039 666 4114 Mart.)
687 4039 728 4102 de
745 4037 882 4102 Caesaris
905 4038 1100 4101 Pontificatu

46 4160 153 4203 annus
183 4161 266 4204 nnnc
293 4150 412 4217 certus,
439 4163 503 4224 quo
534 4139 714 4205 Octaviano
744 4141 879 4205 traditus
902 4151 963 4214 est,
983 4140 1101 4224 prodit.

96 4257 184 4306 von.
202 4259 238 4307 v.
784 4241 842 4305 313
