2806 5018
375 687 1015 790 PRAEFATIUNCULA.

255 1001 325 1074 DE
354 1000 611 1074 AUCTORE
641 1001 887 1075 HUJUSCE
916 1000 1139 1076 ELEGIAE.

173 1296 395 1391 CARMEN
423 1320 484 1384 hoc
510 1322 604 1406 &inge
622 1321 933 1404 proestomissimnm
956 1330 993 1382 ut
1015 1321 1129 1383 summi
1150 1321 1223 1384 Viri

171 1423 281 1487 verbis
303 1433 388 1498 utar,
412 1432 447 1484 et
469 1421 599 1506 mgnum
616 1421 714 1506 genio
737 1443 778 1484 ac
799 1422 967 1504 majestate
987 1422 1096 1484 sescnti
1116 1422 1224 1485 Noeo-

172 1524 274 1599 niani,
302 1525 364 1587 etsi
397 1544 463 1587 non
496 1521 624 1587 Pedoni
652 1521 871 1598 Albinovano,
899 1534 937 1586 ut
965 1521 1036 1586 Jos.
1065 1522 1224 1608 Scaliger,

174 1626 324 1701 Vossius,
347 1623 477 1708 aliique,
503 1625 710 1692 tribuendum
735 1625 895 1690 existimet
918 1623 963 1687 N.
987 1623 1156 1702 Heinsius,
1176 1625 1225 1688 ni-

173 1726 347 1791 hilominus
378 1725 498 1790 Ovidio
529 1748 595 1790 non
624 1726 709 1789 ausit
738 1725 932 1791 adscribere.
985 1730 1006 1759 “
1019 1724 1078 1788 Ille
1104 1737 1225 1805 tamen,

174 1829 292 1894 codem
322 1838 465 1902 auctore,
492 1829 548 1910 qui
576 1828 699 1912 primus
731 1829 815 1891 eruit
843 1850 862 1890 e
891 1828 1046 1902 tenebris,
1071 1828 1227 1915 insignem

174 1931 358 1995 thesaurum
382 1928 494 1992 usibus
520 1926 658 2011 publicis
684 1939 735 1992 est
759 1927 930 2012 largitus!'’
974 1928 1111 1992 Vossius
1132 1948 1227 2006 nero,

173 2031 250 2095 Art.
268 2030 447 2095 Grammat.
466 2031 498 2093 ii.
515 2032 568 2095 27.
586 2031 756 2116 indignum
776 2031 907 2115 quidem
927 2034 993 2094 non
1013 2051 1084 2094 esse
1099 2029 1226 2095 ovidio

174 2143 298 2206 censet,
319 2132 359 2194 ob
384 2131 520 2216 egregio
545 2132 579 2193 in
603 2131 660 2194 ido
684 2131 804 2217 ingenii
828 2131 966 2204 lamium
989 2131 1046 2194 sed
1070 2132 1105 2193 in
1126 2133 1227 2196 verba

174 2233 286 2318 magni
312 2230 468 2316 Scaligeri
489 2233 601 2315 jurare
627 2233 794 2316 promtior,
819 2231 940 2295 Ovi'dio
968 2253 1034 2295 non
1058 2232 1120 2295 nisi
1131 2233 1227 2316 falso

174 2334 284 2404 tribui,
304 2334 502 2418 pronuntiat.
548 2333 627 2399 Non
656 2333 790 2399 defuere
816 2345 934 2410 tamen,
958 2335 1015 2416 qui
1040 2332 1171 2397 Nasoni
1189 2332 1227 2398 li,

174 2437 292 2500 benter
313 2435 546 2510 comederent3
569 2455 651 2517 quos
671 2436 757 2499 inter
774 2435 930 2498 Posserot
938 2443 961 2510 ⁸,
977 2435 1010 2497 in
1030 2434 1227 2500 Prmfatione

174 2559 274 2621 quam
290 2537 549 2621 praemittendam
569 2546 738 2602 curaverat
755 2537 1013 2622 interpretationi
1029 2536 1128 2622 hujus
1143 2537 1228 2602 Poe·

173 2639 279 2714 matis,
300 2660 371 2722 quea
396 2637 515 2723 utinam
532 2637 735 2721 prodiisset!
760 2637 921 2702 exclamat
944 2659 986 2701 ex
1012 2639 1118 2702 animo
1141 2638 1227 2703 Bur·

175 2762 324 2804 mannus.
371 2738 490 2821 Neque
513 2737 709 2822 negligenda
728 2761 862 2823 prorsus
883 2737 934 2801 el.
953 2738 1082 2802 Barthii
1102 2750 1229 2805 senten·

177 2843 235 2915 tia,
256 2841 323 2924 qui,
346 2841 472 2924 quoties
495 2862 566 2904 sese
588 2840 692 2916 daret,
713 2841 914 2904 occasionem
935 2861 1000 2902 non
1021 2842 1228 2924 pretermisit

177 2943 332 3007 Ovidiani
343 2943 426 3027 juris
443 2944 476 3005 in
493 2939 742 3026 pulcherrimam
760 2943 844 3006 hanc
861 2941 1010 3026 Elegiam
1030 2940 1195 3006 asserendi
1203 2941 1224 3007 b.

176 3043 382 3116 Quibuscum
402 3044 529 3107 omnino
550 3045 711 3108 consentit
730 3045 778 3106 vir
798 3043 985 3107 recentioris
1005 3043 1150 3126 quidem,
1164 3045 1226 3107 sed

178 3167 245 3211 non
262 3146 392 3209 minoris
409 3146 485 3210 ideo
503 3146 715 3220 auctoritatis,
731 3146 820 3208 Doo.
838 3145 939 3220 Beck,
953 3144 987 3206 in
1004 3165 1063 3207 sua
1078 3144 1227 3208 mamutio

180 3247 277 3330 huju's
291 3247 470 3310 novissimi
485 3248 637 3324 editione,
653 3270 726 3331 quae
742 3247 864 3332 Lipsioe
879 3247 1010 3331 prodiit,
1029 3248 1068 3309 17
1070 3247 1122 3310 83.
1131 3247 1218 3309 tons.

221 3347 334 3419 Quum
360 3349 459 3432 igitur
480 3347 519 3411 lis
541 3356 649 3412 tantos
672 3350 759 3412 inter
780 3350 865 3412 viros
891 3348 983 3433 quasi
1005 3346 1229 3432 componenda

179 3449 274 3512 nobis
296 3449 447 3532 supersit,
471 3449 704 3532 expendendas
724 3451 793 3513 sine
813 3450 921 3513 studio
942 3449 1084 3521 rationes
1104 3448 1228 3513 censui·

178 3573 263 3625 mus,
279 3551 398 3634 quibus
413 3573 503 3615 suom
518 3554 654 3635 quisque
669 3553 853 3635 opinionem
868 3551 951 3615 tueri
965 3562 1111 3615 conatam.

212 3791 224 3816 ⁸
240 3784 301 3832 Jeon
311 3784 425 3842 Poterat,
436 3786 476 3850 qui
490 3784 604 3851 Augusto
614 3786 799 3837 'tricassinorum
809 3796 887 3842 natus,
897 3805 922 3835 n.
932 3803 955 3834 o.
965 3784 1231 3837 rossemannas

178 3867 243 3913 iuter
253 3872 340 3914 catera
350 3864 426 3913 edidit
435 3865 460 3917 io
469 3865 558 3917 Ostull.
567 3866 658 3917 trouu.
669 3875 693 3916 st
702 3867 809 3933 Propert.
819 3880 919 3932 quorum
928 3867 996 3914 saiva
1005 3867 1083 3915 adhuc
1095 3868 1230 3923 auctoritn'.

179 3961 228 3993 non
239 3944 291 3993 sine
298 3944 370 3994 isude
380 3961 486 4011 unquam
494 3947 525 3995 ab
533 3946 563 3995 iis
571 3955 774 4002 commemoratur,
783 3948 823 4013 qui
832 3962 901 3996 curas
908 3945 1047 4012 posteriores
1054 3946 1079 3995 iu
1085 3947 1231 3997 illustrandis

179 4024 273 4088 Elegio
285 4024 376 4074 Latino
387 4026 532 4091 principibus
542 4027 716 4093 impenderunt.

213 4104 225 4136 ¹¹
244 4106 272 4153 iu
285 4107 428 4156 Adversaris
438 4106 537 4174 passim,
546 4116 572 4157 ct
582 4107 613 4157 ad
623 4109 685 4154 Stat.
694 4106 771 4156 Theb.
781 4106 806 4155 ii.
821 4108 880 4165 1343
897 4104 957 4154 ibid.
969 4105 1025 4155 ³46.
