2806 5018
440 370 561 445 NUX,
587 371 776 438 ELEGIA.
1054 377 1131 441 ’467

78 539 151 613 Est
168 540 295 628 etiam,
316 565 384 639 par
401 543 451 615 sit
468 567 645 618 numerus
664 547 729 643 qui
749 545 863 633 dicat,
885 572 933 621 an
951 548 1090 648 impar:

129 655 184 728 Ut
201 656 384 730 divinatas
403 657 547 731 auferat
565 683 684 756 augur
701 686 806 758 opes.
958 727 960 730 .
1078 669 1126 737 80

76 769 138 844 Fit
155 795 308 869 quoque
325 773 374 846 de
391 784 505 858 creta,
525 775 677 871 qualem
695 777 849 850 coeleste
867 777 1026 873 figuram

128 887 256 975 Sidus,
276 900 315 961 et
331 889 370 962 iu
389 889 535 962 Graecis
553 890 662 963 litera
680 902 815 988 quarta
833 894 941 987 gerit.

71 1001 168 1077 Haec
183 1004 248 1076 ubi
265 1004 446 1079 distincto
459 1016 517 1079 est
535 1008 726 1103 gradibus,
739 1008 804 1104 qui
823 1008 992 1080 constitit
1007 1009 1121 1097 intus,

124 1119 228 1203 Quot
245 1121 372 1218 tetigit
388 1122 503 1219 virga,
521 1134 577 1197 tot
594 1124 693 1221 rapit
710 1123 798 1195 inde
816 1146 945 1196 nuces,

68 1236 150 1310 Vas
164 1261 317 1334 quoque
336 1262 438 1335 saepe
455 1262 601 1323 cavum,
617 1238 738 1335 spatio
756 1238 933 1323 distante,
953 1238 1119 1325 locatur;

122 1350 169 1424 In
187 1353 289 1449 quod
308 1352 424 1426 missa
440 1354 512 1427 levi
531 1378 608 1427 nux
626 1354 739 1426 cadat
755 1376 831 1425 una
849 1376 974 1425 manu.
1071 1357 1118 1425 86

102 1547 144 1595 79.
163 1547 205 1594 Est
219 1549 295 1603 etium,
312 1565 356 1607 por
373 1548 424 1612 sit]
443 1548 482 1597 Sic
500 1549 569 1598 hodie
620 1551 682 1599 milis
694 1550 824 1599 ostenditur
841 1550 865 1597 in
882 1549 945 1598 coelo
963 1565 1032 1614 super
1047 1556 1120 1613 caput

63 1635 166 1686 qnoque
179 1619 288 1669 ludentes
304 1638 388 1686 pucros
403 1622 569 1687 conspicimus.
619 1624 716 1673 Arietis.
751 1625 804 1672 Hac
817 1632 899 1672 notant
910 1631 956 1671 tres
966 1623 1049 1676 stello,
1059 1622 1118 1670 dua·

65 1695 152 1744 Nuces
164 1693 236 1750 enim,
248 1703 366 1758 quotquot
376 1695 503 1751 voluerint,
516 1712 567 1746 ma·
620 1698 663 1746 bus
679 1698 748 1747 lineis
760 1698 901 1763 equalibus,
912 1697 982 1746 tertia
997 1695 1117 1744 breviore:

62 1768 139 1817 nibus
156 1778 274 1832 premunt,
288 1778 313 1816 et
326 1776 437 1833 tanquam
449 1770 569 1834 problema
619 1771 660 1818 sed
672 1787 726 1835 quae
740 1771 765 1819 in
780 1770 867 1834 angulo
882 1768 976 1818 stellam
995 1768 1117 1817 clariorem

62 1841 169 1907 quisque
190 1842 293 1906 compari
313 1858 355 1891 suo
381 1859 513 1908 proponens
531 1844 567 1892 in·
619 1843 713 1901 babeat,
734 1843 812 1895 Graeci
838 1842 959 1892 δὲλτωτον
983 1841 1116 1907 appellant.

62 1917 179 1980 terro'gat,
189 1931 232 1981 par
242 1916 297 1965 insit
307 1933 425 1972 numerus,
434 1933 464 1965 an
475 1919 564 1983 impar:
617 1917 646 1964 In
667 1917 737 1964 lineis
755 1919 835 1981 itaque
854 1915 932 1980 pictis,
952 1916 1023 1964 certis
1043 1915 1115 1963 inter·

60 1989 165 2056 quodsi
180 1990 221 2038 ille
237 1990 387 2045 divinaverit,
397 2007 479 2039 omncs
493 2007 566 2041 nuces
618 1990 694 2046 vallis,
711 2006 769 2054 qnos
785 1989 823 2037 hic
838 1992 926 2054 gradus
941 2000 1018 2043 vocat,
1033 1988 1113 2052 dispo-

58 2063 159 2112 oniart:
183 2063 220 2112 sin
241 2064 328 2119 miuus,
351 2064 448 2113 totidem
471 2065 566 2114 amittit.
617 2072 703 2111 nuntor
718 2078 801 2111 nuces.
831 2063 893 2111 Puer
909 2061 950 2127 qui
965 2061 1049 2109 statio
1064 2077 1114 2109 rue·

62 2136 146 2200 Hujus
154 2136 204 2185 ludi
214 2137 322 2186 meminit
332 2147 357 2186 st
367 2138 468 2187 Flaccus
478 2140 503 2187 io
511 2140 565 2188 Ser·
616 2135 662 2193 dio,
677 2136 743 2202 jactu
766 2135 837 2200 virgas
863 2144 921 2200 quot
947 2135 1059 2199 tetigerit,
1079 2144 1113 2184 tot

60 2210 183 2265 monibus,
191 2210 249 2258 dnm
258 2208 362 2275 pueriles
369 2210 439 2259 ludos
449 2222 563 2269 recenset,
614 2210 697 2259 aufert.
714 2210 814 2258 Enseu.

58 2284 190 2350 inquiens:
210 2285 302 2334 Ludere
316 2302 360 2347 por
369 2289 452 2348 inpos,
462 2291 565 2348 equitum
646 2287 685 2333 84.
704 2286 764 2339 Quot
776 2287 852 2348 tetigit
863 2286 939 2348 virgo,
951 2293 982 2331 tot
992 2287 1053 2345 cupit
1064 2286 1112 2344 ipso

55 2362 89 2406 λη
104 2361 220 2407 arundine
235 2360 313 2424 longo.
332 2360 563 2411 Necveronucibus
612 2359 704 2422 norm]
726 2357 776 2420 lpse
794 2357 960 2412 continuisti&
976 2356 1031 2405 duo·
1064 2358 1112 2405 Sed

59 2440 158 2482 tantum
178 2441 220 2481 aut
232 2433 350 2481 castaneis
365 2433 447 2482 ludere
460 2450 505 2496 por
519 2438 562 2482 im·
612 2441 679 2481 votus
698 2431 780 2488 editio,
795 2431 869 2480 codex
888 2431 989 2494 Regius,
1007 2438 1033 2479 et
1048 2431 1111 2479 Len·

55 2525 106 2570 por
125 2506 188 2556 soliti
209 2516 277 2555 crant
300 2507 400 2571 antiqui,
422 2507 465 2556 sed
489 2508 561 2556 etiam
611 2507 734 2570 germanni
750 2516 821 2562 recte,
834 2509 1019 2567 totcopitiuds:
1036 2521 1110 2570 quare

57 2580 175 2630 nummis.
209 2580 320 2643 Legimus
337 2580 400 2629 enirn
412 2581 476 2646 apud
486 2583 560 2630 Trau-
611 2591 635 2631 et
650 2582 675 2630 in
691 2582 803 2648 superiori
814 2598 882 2630 versu
897 2580 1056 2635 scribendum,
1071 2584 1111 2643 qni

56 2652 172 2720 quillom,
199 2652 333 2716 Augustum
361 2654 395 2702 sic
430 2654 461 2702 ad
488 2655 560 2703 filiam
611 2661 710 2705 corotirit
738 2659 816 2712 intur,
846 2671 901 2709 non,
928 2671 986 2717 pac.
1020 2654 1111 2703 Herus.

56 2727 197 2792 scripsisse:
216 2735 232 2756 '¹
244 2727 301 2776 lllisi
322 2728 365 2775 tibi
387 2728 496 2777 doninus
516 2731 560 2779 du·
611 2731 719 2795 Legebat
733 2747 787 2779 vero
803 2729 952 2778 Seotlebius:
970 2736 986 2756 “
1046 2729 1108 2785 Quae

57 2810 143 2850 centos
160 2809 185 2848 et
198 2799 380 2865 quinquaginta,
392 2817 451 2865 quos
461 2802 561 2866 singulis
611 2803 716 2851 constitit
730 2804 792 2851 intra
805 2804 871 2860 Quot
888 2801 967 2864 tetigit
978 2801 1063 2864 virgas,
1075 2811 1109 2850 tot

55 2873 167 2925 convivis
176 2874 297 2931 dederam,
308 2875 329 2923 si
339 2875 429 2924 vellent
438 2877 499 2924 inter
509 2892 558 2925 coa·
609 2881 671 2938 capit
685 2878 740 2926 inde
757 2876 857 2924 nuces.’'
891 2876 922 2922 Et
936 2875 970 2922 ita
983 2875 1106 2938 explicat:

55 2963 125 3005 nam,
146 2948 184 2996 vel
205 2948 269 3005 tulis,
289 2949 326 2997 vel
352 2964 394 3014 par
421 2949 497 3015 impar
520 2951 557 2998 ln·
609 2951 683 2999 Delta
704 2950 841 2999 Graecorum
867 2948 1004 3011 triangulari
1032 2949 1106 2997 forma

55 3022 141 3071 dere.”
167 3023 245 3071 Iosrr.
609 3024 757 3087 pingebatur,
778 3024 851 3086 idque
873 3021 986 3085 gradibus
1003 3020 1104 3068 invicem

89 3098 131 3145 80.
162 3096 194 3143 Ut
220 3100 336 3145 divinatur
361 3098 456 3162 orrfernt
480 3116 558 3163 nugor
608 3097 805 3160 distinguebatur.
831 3093 1104 3158 Colludentssergopu·

52 3169 128 3232 epm]
142 3169 176 3218 Ut
187 3169 254 3217 tollat
264 3172 340 3218 victor
349 3187 407 3236 puer
417 3188 474 3232 oper,
484 3188 557 3221 nuces
607 3171 642 3218 eri
657 3170 737 3236 procul
756 3177 845 3218 stantos
865 3183 938 3215 nuces
955 3167 1062 3230 singulas
1080 3167 1104 3215 in

51 3241 162 3293 scilicet!
180 3258 279 3307 quorum
295 3259 419 3293 numerum
433 3247 557 3294 divinando
607 3244 720 3292 Deltoton
742 3243 877 3297 mittebant,
898 3250 922 3289 et
941 3241 1104 3304 cujuscunque

52 3317 198 3380 conjecerat.
229 3316 303 3364 Totus
314 3316 353 3365 hic
366 3317 449 3381 plenus
459 3318 555 3382 elegen·
606 3336 653 3367 nur
670 3321 694 3367 in
712 3320 753 3366 illo
768 3318 889 3367 schemate
901 3315 1055 3371 consistebat,
1069 3323 1105 3364 tot

52 3391 96 3439 tias
107 3391 190 3450 locus;
206 3390 319 3439 utrarios
334 3406 427 3455 semper
445 3403 515 3457 poeta
529 3393 553 3439 in
605 3393 742 3441 lucrabatur
759 3406 841 3446 nuces,
858 3397 916 3454 quot
933 3389 1047 3452 tangebat
1057 3389 1104 3437 vir-

50 3464 211 3513 dcsoribsndo
231 3464 308 3512 varios
333 3480 456 3529 puerorum
479 3466 553 3521 lusus,
603 3483 655 3530 gas,
676 3483 717 3514 seu
737 3466 827 3523 lineas;
847 3464 940 3511 sivero
962 3477 1009 3509 nur
1030 3461 1102 3511 missa

51 3553 110 3587 cum
128 3536 186 3602 ipsis
204 3538 297 3586 videtur
318 3537 455 3598 colludere;
474 3555 552 3603 neque
604 3541 702 3588 Deltoto
712 3539 805 3604 penitus
813 3536 956 3600 emigrasset.
968 3534 1048 3582 missio
1057 3535 1102 3584 ista

48 3612 107 3661 ideo
122 3627 198 3659 rerum
210 3611 350 3676 gravitatem
362 3613 440 3660 verbis
450 3630 551 3677 usquam
602 3622 653 3661 erat
668 3612 740 3667 irrita,
759 3621 783 3659 et
802 3611 863 3658 alius
880 3625 909 3658 ex
927 3609 995 3657 sociis
1015 3608 1101 3659 admit·

50 3686 142 3736 elevat.
601 3689 704 3735 rebatur.
748 3686 834 3753 Recte,
856 3693 881 3732 ut
908 3683 1005 3747 quidem
1033 3694 1101 3747 poto,

84 3762 126 3808 81.
140 3759 179 3807 Fit
190 3762 295 3824 proquo]
313 3760 417 3809 Tertium
433 3761 499 3809 lusus
509 3777 549 3824 ge·
600 3761 742 3817 Sentlebius,
761 3761 802 3824 qui
823 3757 919 3807 uberius
937 3758 1000 3806 hunc
1021 3759 1099 3807 locum

49 3850 96 3884 nus
106 3833 228 3881 describit.
263 3834 299 3881 Es
310 3843 375 3882 oreta
389 3834 493 3899 pingitur
501 3850 550 3882 am·
600 3836 718 3884 illustrat:
737 3850 792 3883 unm
808 3836 926 3882 consistere
941 3849 989 3880 nux
1005 3831 1100 3890 dicitur,

47 3907 91 3974 pla
112 3907 188 3971 figura
211 3906 339 3971 triangulo,
358 3908 454 3972 qualern
478 3907 551 3956 habet
601 3924 760 3973 quaeemnnu
772 3907 857 3956 emissa
867 3916 891 3954 et
901 3906 1005 3960 evoluta,
1018 3905 1098 3968 quies·

47 3981 115 4046 apud
127 3981 225 4029 Grecos
237 3980 317 4030 Δέλτα
329 3982 460 4046 majuscula
477 3982 551 4029 lorma
600 3983 633 4030 cit
649 3992 673 4030 et
687 3997 781 4030 cursum
796 3979 856 4036 linit,
867 3987 894 4027 ut
910 3978 997 4027 millies
1013 3993 1042 4027 ea
1054 3994 1098 4026 vox

47 4055 176 4120 scripturn.
217 4054 333 4102 Eomdem
360 4056 459 4119 liguram
486 4054 549 4119 apud
599 4056 710 4104 occurrit.
744 4057 833 4103 Buris.

47 4127 549 4193 EgyptiosoorsusuolacitNilns:uude
632 4132 672 4177 85.
697 4130 739 4176 Vns
765 4127 870 4192 qnoque]
892 4125 1004 4174 Meminit
1027 4123 1098 4186 liujus

45 4211 71 4252 et
89 4204 143 4252 loco
158 4217 243 4250 nomen
258 4201 368 4251 inditum.
401 4204 432 4251 Et
451 4204 505 4251 huic
519 4202 549 4250 si·
600 4202 666 4251 lusus
689 4210 713 4249 et
732 4201 843 4250 Persius:
870 4200 901 4247 Et
922 4207 1023 4261 ongsutae
1041 4197 1098 4243 collo
