<?xml version="1.0" encoding="UTF-8"?>
<!DOCTYPE html PUBLIC "-//W3C//DTD XHTML 1.0 Transitional//EN"
    "http://www.w3.org/TR/xhtml1/DTD/xhtml1-transitional.dtd">
<html xmlns="http://www.w3.org/1999/xhtml" xml:lang="en" lang="en">
 <head>
  <title>
</title>
<meta http-equiv="Content-Type" content="text/html;charset=utf-8" />
  <meta name='ocr-system' content='tesseract 3.04.00' />
  <meta name='ocr-capabilities' content='ocr_page ocr_carea ocr_par ocr_line ocrx_word'/>
</head>
<body>
  <div class='ocr_page' id='page_1' title='image "./povidiinasoniso03burmgoog_0412.png"; bbox 0 0 2806 5018; ppageno 0'>
   <div class='ocr_carea' id='block_1_1' title="bbox 420 377 1107 469">
    <p class='ocr_par' dir='ltr' id='par_1_1' title="bbox 420 377 1107 469">
     <span class='ocr_line' id='line_1_1' title="bbox 420 377 1107 469; baseline 0.01 -28"><span class='ocrx_word' id='word_1_1' title='bbox 420 377 739 444; x_wconf 78' lang='lat' dir='ltr'>oonsounrro.</span> <span class='ocrx_word' id='word_1_2' title='bbox 958 464 961 469; x_wconf 36' lang='grc'>,</span> <span class='ocrx_word' id='word_1_3' title='bbox 1041 382 1107 448; x_wconf 73' lang='lat' dir='ltr'>rao</span> 
     </span>
    </p>
   </div>
   <div class='ocr_carea' id='block_1_2' title="bbox 54 549 1111 3299">
    <p class='ocr_par' dir='ltr' id='par_1_2' title="bbox 57 549 1105 767">
     <span class='ocr_line' id='line_1_2' title="bbox 57 549 1103 648; baseline 0.008 -27"><span class='ocrx_word' id='word_1_4' title='bbox 57 549 185 647; x_wconf 88' lang='lat' dir='ltr'>Dique</span> <span class='ocrx_word' id='word_1_5' title='bbox 202 551 321 623; x_wconf 87' lang='lat' dir='ltr'>latent</span> <span class='ocrx_word' id='word_1_6' title='bbox 339 550 491 647; x_wconf 87' lang='lat' dir='ltr'>templis</span> <span class='ocrx_word' id='word_1_7' title='bbox 507 576 515 636; x_wconf 94' lang='lat'>;</span> <span class='ocrx_word' id='word_1_8' title='bbox 536 574 660 647; x_wconf 85' lang='lat' dir='ltr'>neque</span> <span class='ocrx_word' id='word_1_9' title='bbox 674 551 805 648; x_wconf 89' lang='lat' dir='ltr'>iniqua</span> <span class='ocrx_word' id='word_1_10' title='bbox 819 551 867 624; x_wconf 90' lang='lat' dir='ltr'>ad</span> <span class='ocrx_word' id='word_1_11' title='bbox 880 552 1012 628; x_wconf 79' lang='lat' dir='ltr'>lunera</span> <span class='ocrx_word' id='word_1_12' title='bbox 1025 557 1103 629; x_wconf 92' lang='lat' dir='ltr'>vul-</span> 
     </span>
     <span class='ocr_line' id='line_1_3' title="bbox 109 665 1105 767; baseline 0.009 -32"><span class='ocrx_word' id='word_1_13' title='bbox 109 665 305 751; x_wconf 83' lang='lat' dir='ltr'>Praebent3</span> <span class='ocrx_word' id='word_1_14' title='bbox 336 689 406 737; x_wconf 92' lang='lat' dir='ltr'>nec</span> <span class='ocrx_word' id='word_1_15' title='bbox 426 677 588 761; x_wconf 94' lang='lat' dir='ltr'>poscunt</span> <span class='ocrx_word' id='word_1_16' title='bbox 605 676 690 738; x_wconf 90' lang='lat' dir='ltr'>tura</span> <span class='ocrx_word' id='word_1_17' title='bbox 706 666 860 740; x_wconf 82' lang='lat' dir='ltr'>ferenda</span> <span class='ocrx_word' id='word_1_18' title='bbox 877 691 979 764; x_wconf 84' lang='lat' dir='ltr'>rogo.</span> <span class='ocrx_word' id='word_1_19' title='bbox 1026 674 1105 767; x_wconf 90' lang='lat' dir='ltr'>[tus</span> 
     </span>
    </p>

    <p class='ocr_par' dir='ltr' id='par_1_3' title="bbox 56 780 1105 994">
     <span class='ocr_line' id='line_1_4' title="bbox 56 780 1032 879; baseline 0.007 -27"><span class='ocrx_word' id='word_1_20' title='bbox 56 780 251 853; x_wconf 87' lang='lat' dir='ltr'><strong>Obscuros</strong></span> <span class='ocrx_word' id='word_1_21' title='bbox 267 781 426 854; x_wconf 88' lang='lat' dir='ltr'>delubra</span> <span class='ocrx_word' id='word_1_22' title='bbox 443 791 594 854; x_wconf 88' lang='lat' dir='ltr'>tenent:</span> <span class='ocrx_word' id='word_1_23' title='bbox 623 782 742 879; x_wconf 92' lang='lat' dir='ltr'>pudet</span> <span class='ocrx_word' id='word_1_24' title='bbox 758 806 823 855; x_wconf 91' lang='lat' dir='ltr'>ora</span> <span class='ocrx_word' id='word_1_25' title='bbox 841 783 1032 860; x_wconf 86' lang='lat' dir='ltr'>colentum</span> 
     </span>
     <span class='ocr_line' id='line_1_5' title="bbox 109 896 1105 994; baseline 0.007 -26"><span class='ocrx_word' id='word_1_26' title='bbox 109 896 329 994; x_wconf 84' lang='lat' dir='ltr'>Adspicere,</span> <span class='ocrx_word' id='word_1_27' title='bbox 349 897 496 968; x_wconf 87' lang='lat' dir='ltr'>invidiae</span> <span class='ocrx_word' id='word_1_28' title='bbox 514 921 629 993; x_wconf 90' lang='lat' dir='ltr'>quam</span> <span class='ocrx_word' id='word_1_29' title='bbox 648 921 817 970; x_wconf 90' lang='lat' dir='ltr'>meruere</span> <span class='ocrx_word' id='word_1_30' title='bbox 835 910 951 973; x_wconf 91' lang='lat' dir='ltr'>metu.</span> <span class='ocrx_word' id='word_1_31' title='bbox 1035 905 1105 975; x_wconf 88' lang='lat'>190</span> 
     </span>
    </p>

    <p class='ocr_par' dir='ltr' id='par_1_4' title="bbox 54 1010 1014 1203">
     <span class='ocr_line' id='line_1_6' title="bbox 54 1010 1014 1111; baseline 0.007 -28"><span class='ocrx_word' id='word_1_32' title='bbox 54 1010 186 1108; x_wconf 90' lang='lat' dir='ltr'><strong>Atque</strong></span> <span class='ocrx_word' id='word_1_33' title='bbox 202 1011 337 1109; x_wconf 93' lang='lat' dir='ltr'>aliquis</span> <span class='ocrx_word' id='word_1_34' title='bbox 355 1012 404 1085; x_wconf 90' lang='lat' dir='ltr'>de</span> <span class='ocrx_word' id='word_1_35' title='bbox 422 1013 534 1109; x_wconf 84' lang='lat' dir='ltr'>plebe</span> <span class='ocrx_word' id='word_1_36' title='bbox 552 1012 637 1109; x_wconf 91' lang='lat' dir='ltr'>pius</span> <span class='ocrx_word' id='word_1_37' title='bbox 656 1037 723 1110; x_wconf 89' lang='lat' dir='ltr'>pro</span> <span class='ocrx_word' id='word_1_38' title='bbox 742 1037 908 1111; x_wconf 88' lang='lat' dir='ltr'>paupere</span> <span class='ocrx_word' id='word_1_39' title='bbox 926 1026 1014 1090; x_wconf 92' lang='lat' dir='ltr'>nato</span> 
     </span>
     <span class='ocr_line' id='line_1_7' title="bbox 110 1125 961 1203; baseline 0.007 -6"><span class='ocrx_word' id='word_1_40' title='bbox 110 1125 324 1200; x_wconf 87' lang='lat' dir='ltr'>Sustulerat</span> <span class='ocrx_word' id='word_1_41' title='bbox 341 1126 492 1199; x_wconf 87' lang='lat' dir='ltr'>timidas</span> <span class='ocrx_word' id='word_1_42' title='bbox 507 1127 630 1200; x_wconf 89' lang='lat' dir='ltr'>sidera</span> <span class='ocrx_word' id='word_1_43' title='bbox 647 1128 694 1201; x_wconf 98' lang='lat' dir='ltr'>ad</span> <span class='ocrx_word' id='word_1_44' title='bbox 713 1128 789 1201; x_wconf 88' lang='lat' dir='ltr'>alta</span> <span class='ocrx_word' id='word_1_45' title='bbox 807 1152 961 1203; x_wconf 89' lang='lat' dir='ltr'>manus:</span> 
     </span>
    </p>

    <p class='ocr_par' dir='ltr' id='par_1_5' title="bbox 54 1241 1107 1458">
     <span class='ocr_line' id='line_1_8' title="bbox 54 1241 1107 1340; baseline 0.005 -26"><span class='ocrx_word' id='word_1_46' title='bbox 54 1241 222 1339; x_wconf 84' lang='lat' dir='ltr'>Jamque</span> <span class='ocrx_word' id='word_1_47' title='bbox 241 1255 482 1340; x_wconf 87' lang='lat' dir='ltr'>precaturus:</span> <span class='ocrx_word' id='word_1_48' title='bbox 513 1251 536 1281; x_wconf 91' lang='lat'><strong>“</strong></span> <span class='ocrx_word' id='word_1_49' title='bbox 552 1244 643 1339; x_wconf 92' lang='lat' dir='ltr'>quid</span> <span class='ocrx_word' id='word_1_50' title='bbox 662 1268 732 1339; x_wconf 86' lang='lat' dir='ltr'>ego</span> <span class='ocrx_word' id='word_1_51' title='bbox 750 1256 875 1317; x_wconf 91' lang='lat' dir='ltr'>autem</span> <span class='ocrx_word' id='word_1_52' title='bbox 893 1245 1107 1332; x_wconf 71' lang='lat' dir='ltr'>credulus,’.’</span> 
     </span>
     <span class='ocr_line' id='line_1_9' title="bbox 112 1357 1105 1458; baseline 0.004 -29"><span class='ocrx_word' id='word_1_53' title='bbox 112 1367 135 1395; x_wconf 88' lang='lat'><strong>“</strong></span> <span class='ocrx_word' id='word_1_54' title='bbox 157 1357 370 1454; x_wconf 89' lang='lat' dir='ltr'>Suscipiam</span> <span class='ocrx_word' id='word_1_55' title='bbox 388 1359 426 1429; x_wconf 94' lang='lat' dir='ltr'>in</span> <span class='ocrx_word' id='word_1_56' title='bbox 444 1357 566 1431; x_wconf 85' lang='lat' dir='ltr'>nullos</span> <span class='ocrx_word' id='word_1_57' title='bbox 584 1358 686 1430; x_wconf 86' lang='lat' dir='ltr'>irrita</span> <span class='ocrx_word' id='word_1_58' title='bbox 703 1369 789 1432; x_wconf 86' lang='lat' dir='ltr'>vota</span> <span class='ocrx_word' id='word_1_59' title='bbox 806 1358 934 1432; x_wconf 74' lang='lat' dir='ltr'>Deos?</span> <span class='ocrx_word' id='word_1_60' title='bbox 954 1360 1105 1458; x_wconf 89' lang='lat' dir='ltr'>[inquit,</span> 
     </span>
    </p>

    <p class='ocr_par' dir='ltr' id='par_1_6' title="bbox 57 1471 1105 1682">
     <span class='ocr_line' id='line_1_10' title="bbox 57 1471 1105 1570; baseline 0.006 -27"><span class='ocrx_word' id='word_1_61' title='bbox 57 1471 177 1557; x_wconf 89' lang='lat' dir='ltr'>Livia,</span> <span class='ocrx_word' id='word_1_62' title='bbox 197 1497 270 1545; x_wconf 94' lang='lat' dir='ltr'>non</span> <span class='ocrx_word' id='word_1_63' title='bbox 289 1472 372 1545; x_wconf 87' lang='lat' dir='ltr'>illos</span> <span class='ocrx_word' id='word_1_64' title='bbox 390 1497 456 1570; x_wconf 91' lang='lat' dir='ltr'>pro</span> <span class='ocrx_word' id='word_1_65' title='bbox 475 1472 601 1544; x_wconf 88' lang='lat' dir='ltr'>Druso</span> <span class='ocrx_word' id='word_1_66' title='bbox 620 1472 725 1546; x_wconf 90' lang='lat' dir='ltr'>Livia</span> <span class='ocrx_word' id='word_1_67' title='bbox 742 1473 878 1549; x_wconf 88' lang='lat' dir='ltr'>movit:</span> <span class='ocrx_word' id='word_1_68' title='bbox 1036 1479 1105 1549; x_wconf 85' lang='lat'>195</span> 
     </span>
     <span class='ocr_line' id='line_1_11' title="bbox 114 1586 944 1682; baseline 0.006 -24"><span class='ocrx_word' id='word_1_69' title='bbox 114 1586 194 1659; x_wconf 89' lang='lat' dir='ltr'>Nos</span> <span class='ocrx_word' id='word_1_70' title='bbox 212 1586 350 1661; x_wconf 87' lang='lat' dir='ltr'>erimus</span> <span class='ocrx_word' id='word_1_71' title='bbox 368 1610 505 1682; x_wconf 84' lang='lat' dir='ltr'>magno</span> <span class='ocrx_word' id='word_1_72' title='bbox 523 1587 688 1660; x_wconf 84' lang='lat' dir='ltr'>maxima</span> <span class='ocrx_word' id='word_1_73' title='bbox 705 1612 795 1662; x_wconf 87' lang='lat' dir='ltr'>cura</span> <span class='ocrx_word' id='word_1_74' title='bbox 811 1588 895 1662; x_wconf 87' lang='lat' dir='ltr'>Jovi</span> <span class='ocrx_word' id='word_1_75' title='bbox 906 1590 944 1663; x_wconf 77' lang='lat' dir='ltr'>l&#39;&#39;</span> 
     </span>
    </p>

    <p class='ocr_par' dir='ltr' id='par_1_7' title="bbox 62 1703 972 1915">
     <span class='ocr_line' id='line_1_12' title="bbox 62 1703 921 1801; baseline 0.001 -25"><span class='ocrx_word' id='word_1_76' title='bbox 62 1703 193 1777; x_wconf 89' lang='lat' dir='ltr'><strong>Dixit:</strong></span> <span class='ocrx_word' id='word_1_77' title='bbox 221 1714 260 1777; x_wconf 89' lang='lat' dir='ltr'>et</span> <span class='ocrx_word' id='word_1_78' title='bbox 278 1705 393 1777; x_wconf 88' lang='lat' dir='ltr'>iratus</span> <span class='ocrx_word' id='word_1_79' title='bbox 411 1715 497 1777; x_wconf 88' lang='lat' dir='ltr'>vota</span> <span class='ocrx_word' id='word_1_80' title='bbox 514 1703 732 1800; x_wconf 86' lang='lat' dir='ltr'>insuscepta</span> <span class='ocrx_word' id='word_1_81' title='bbox 749 1704 921 1801; x_wconf 91' lang='lat' dir='ltr'>reliquit;</span> 
     </span>
     <span class='ocr_line' id='line_1_13' title="bbox 114 1817 972 1915; baseline 0.005 -25"><span class='ocrx_word' id='word_1_82' title='bbox 114 1818 350 1915; x_wconf 87' lang='lat' dir='ltr'>Duravitquc</span> <span class='ocrx_word' id='word_1_83' title='bbox 367 1820 543 1902; x_wconf 89' lang='lat' dir='ltr'>animum,</span> <span class='ocrx_word' id='word_1_84' title='bbox 562 1817 810 1914; x_wconf 87' lang='lat' dir='ltr'>destituitque</span> <span class='ocrx_word' id='word_1_85' title='bbox 827 1843 972 1915; x_wconf 77' lang='lat' dir='ltr'>preces,</span> 
     </span>
    </p>

    <p class='ocr_par' dir='ltr' id='par_1_8' title="bbox 63 1934 1108 2146">
     <span class='ocr_line' id='line_1_14' title="bbox 63 1934 1004 2030; baseline 0.002 -23"><span class='ocrx_word' id='word_1_86' title='bbox 63 1935 189 2008; x_wconf 87' lang='lat' dir='ltr'>Obvia</span> <span class='ocrx_word' id='word_1_87' title='bbox 205 1936 315 2008; x_wconf 91' lang='lat' dir='ltr'>turba</span> <span class='ocrx_word' id='word_1_88' title='bbox 332 1934 425 2021; x_wconf 85' lang='lat' dir='ltr'>ruit3</span> <span class='ocrx_word' id='word_1_89' title='bbox 455 1934 696 2029; x_wconf 84' lang='lat' dir='ltr'>lacrimisque</span> <span class='ocrx_word' id='word_1_90' title='bbox 714 1935 921 2030; x_wconf 85' lang='lat' dir='ltr'>rigantibus</span> <span class='ocrx_word' id='word_1_91' title='bbox 939 1959 1004 2009; x_wconf 89' lang='lat' dir='ltr'>ora</span> 
     </span>
     <span class='ocr_line' id='line_1_15' title="bbox 115 2048 1108 2146; baseline 0.002 -24"><span class='ocrx_word' id='word_1_92' title='bbox 115 2050 292 2123; x_wconf 83' lang='lat' dir='ltr'>Consulis</span> <span class='ocrx_word' id='word_1_93' title='bbox 310 2049 431 2145; x_wconf 87' lang='lat' dir='ltr'>erepti</span> <span class='ocrx_word' id='word_1_94' title='bbox 449 2049 601 2146; x_wconf 90' lang='lat' dir='ltr'>publica</span> <span class='ocrx_word' id='word_1_95' title='bbox 618 2048 756 2122; x_wconf 90' lang='lat' dir='ltr'>damna</span> <span class='ocrx_word' id='word_1_96' title='bbox 775 2048 898 2122; x_wconf 82' lang='lat' dir='ltr'>refert.</span> <span class='ocrx_word' id='word_1_97' title='bbox 1033 2057 1108 2124; x_wconf 94' lang='grc'>200</span> 
     </span>
    </p>

    <p class='ocr_par' dir='ltr' id='par_1_9' title="bbox 63 2164 1044 2377">
     <span class='ocr_line' id='line_1_16' title="bbox 63 2164 1044 2260; baseline 0 -22"><span class='ocrx_word' id='word_1_98' title='bbox 63 2166 254 2238; x_wconf 90' lang='lat' dir='ltr'>Omnibus</span> <span class='ocrx_word' id='word_1_99' title='bbox 271 2164 371 2237; x_wconf 89' lang='lat' dir='ltr'>ldem</span> <span class='ocrx_word' id='word_1_100' title='bbox 390 2164 510 2249; x_wconf 89' lang='lat' dir='ltr'>oculi;</span> <span class='ocrx_word' id='word_1_101' title='bbox 541 2187 608 2260; x_wconf 88' lang='lat' dir='ltr'>par</span> <span class='ocrx_word' id='word_1_102' title='bbox 625 2175 683 2236; x_wconf 91' lang='lat' dir='ltr'>est</span> <span class='ocrx_word' id='word_1_103' title='bbox 700 2165 899 2238; x_wconf 90' lang='lat' dir='ltr'>concordia</span> <span class='ocrx_word' id='word_1_104' title='bbox 916 2164 1044 2238; x_wconf 90' lang='lat' dir='ltr'>flendi.</span> 
     </span>
     <span class='ocr_line' id='line_1_17' title="bbox 115 2278 980 2377; baseline 0.002 -26"><span class='ocrx_word' id='word_1_105' title='bbox 115 2280 271 2353; x_wconf 87' lang='lat' dir='ltr'>Funeris</span> <span class='ocrx_word' id='word_1_106' title='bbox 289 2278 483 2374; x_wconf 84' lang='lat' dir='ltr'>exsequiis</span> <span class='ocrx_word' id='word_1_107' title='bbox 501 2278 680 2351; x_wconf 91' lang='lat' dir='ltr'>adsumus</span> <span class='ocrx_word' id='word_1_108' title='bbox 697 2280 819 2351; x_wconf 90' lang='lat' dir='ltr'>omnis</span> <span class='ocrx_word' id='word_1_109' title='bbox 839 2278 980 2377; x_wconf 88' lang='lat' dir='ltr'>Eques.</span> 
     </span>
    </p>

    <p class='ocr_par' dir='ltr' id='par_1_10' title="bbox 62 2394 1106 2605">
     <span class='ocr_line' id='line_1_18' title="bbox 62 2394 1106 2494; baseline 0.004 -27"><span class='ocrx_word' id='word_1_110' title='bbox 62 2394 200 2468; x_wconf 90' lang='lat' dir='ltr'>Omnis</span> <span class='ocrx_word' id='word_1_111' title='bbox 218 2395 327 2467; x_wconf 91' lang='lat' dir='ltr'>adest</span> <span class='ocrx_word' id='word_1_112' title='bbox 341 2405 453 2466; x_wconf 86' lang='lat' dir='ltr'>aetas:</span> <span class='ocrx_word' id='word_1_113' title='bbox 477 2405 635 2466; x_wconf 87' lang='lat' dir='ltr'>moerent</span> <span class='ocrx_word' id='word_1_114' title='bbox 647 2396 881 2490; x_wconf 87' lang='lat' dir='ltr'>juvenesque</span> <span class='ocrx_word' id='word_1_115' title='bbox 899 2420 1106 2494; x_wconf 79' lang='lat' dir='ltr'>senesque3</span> 
     </span>
     <span class='ocr_line' id='line_1_19' title="bbox 114 2507 882 2605; baseline 0.003 -24"><span class='ocrx_word' id='word_1_116' title='bbox 114 2509 292 2582; x_wconf 84' lang='lat' dir='ltr'>Ausoniae</span> <span class='ocrx_word' id='word_1_117' title='bbox 311 2519 462 2595; x_wconf 70' lang='lat' dir='ltr'>matres</span> <span class='ocrx_word' id='word_1_118' title='bbox 482 2507 736 2605; x_wconf 87' lang='lat' dir='ltr'>Ausoniaeque</span> <span class='ocrx_word' id='word_1_119' title='bbox 755 2533 882 2584; x_wconf 89' lang='lat' dir='ltr'>nurus.</span> 
     </span>
    </p>

    <p class='ocr_par' dir='ltr' id='par_1_11' title="bbox 62 2621 1110 2836">
     <span class='ocr_line' id='line_1_20' title="bbox 62 2621 1110 2721; baseline 0.004 -24"><span class='ocrx_word' id='word_1_120' title='bbox 62 2625 316 2721; x_wconf 85' lang='lat' dir='ltr'>Auctorisque</span> <span class='ocrx_word' id='word_1_121' title='bbox 334 2623 388 2696; x_wconf 88' lang='lat' dir='ltr'>sui</span> <span class='ocrx_word' id='word_1_122' title='bbox 409 2621 601 2720; x_wconf 86' lang='lat' dir='ltr'>praesertur</span> <span class='ocrx_word' id='word_1_123' title='bbox 619 2623 780 2719; x_wconf 88' lang='lat' dir='ltr'>imagine</span> <span class='ocrx_word' id='word_1_124' title='bbox 797 2637 943 2713; x_wconf 87' lang='lat' dir='ltr'>moesta,</span> <span class='ocrx_word' id='word_1_125' title='bbox 1037 2631 1110 2701; x_wconf 84' lang='lat'>205</span> 
     </span>
     <span class='ocr_line' id='line_1_21' title="bbox 115 2724 929 2836; baseline 0.002 -24"><span class='ocrx_word' id='word_1_126' title='bbox 115 2724 210 2824; x_wconf 75' lang='lat' dir='ltr'>Quae</span> <span class='ocrx_word' id='word_1_127' title='bbox 227 2741 360 2814; x_wconf 84' lang='lat' dir='ltr'>victrix</span> <span class='ocrx_word' id='word_1_128' title='bbox 379 2738 530 2836; x_wconf 88' lang='lat' dir='ltr'>templis</span> <span class='ocrx_word' id='word_1_129' title='bbox 547 2738 676 2813; x_wconf 90' lang='lat' dir='ltr'>debita</span> <span class='ocrx_word' id='word_1_130' title='bbox 692 2741 819 2814; x_wconf 89' lang='lat' dir='ltr'>laurus</span> <span class='ocrx_word' id='word_1_131' title='bbox 837 2753 929 2815; x_wconf 92' lang='lat' dir='ltr'>erat.</span> 
     </span>
    </p>

    <p class='ocr_par' dir='ltr' id='par_1_12' title="bbox 64 2856 962 3045">
     <span class='ocr_line' id='line_1_22' title="bbox 64 2856 962 2952; baseline 0 -23"><span class='ocrx_word' id='word_1_132' title='bbox 64 2858 199 2930; x_wconf 88' lang='lat' dir='ltr'>Certat</span> <span class='ocrx_word' id='word_1_133' title='bbox 215 2881 310 2929; x_wconf 93' lang='lat' dir='ltr'>onus</span> <span class='ocrx_word' id='word_1_134' title='bbox 328 2856 416 2928; x_wconf 88' lang='lat' dir='ltr'>lecti</span> <span class='ocrx_word' id='word_1_135' title='bbox 435 2879 615 2951; x_wconf 84' lang='lat' dir='ltr'>generosa</span> <span class='ocrx_word' id='word_1_136' title='bbox 633 2856 758 2929; x_wconf 90' lang='lat' dir='ltr'>subire</span> <span class='ocrx_word' id='word_1_137' title='bbox 771 2859 962 2952; x_wconf 86' lang='lat' dir='ltr'>juventus,</span> 
     </span>
     <span class='ocr_line' id='line_1_23' title="bbox 117 2970 833 3045; baseline -0.003 -1"><span class='ocrx_word' id='word_1_138' title='bbox 117 2971 168 3044; x_wconf 91' lang='lat' dir='ltr'>Et</span> <span class='ocrx_word' id='word_1_139' title='bbox 186 2971 314 3045; x_wconf 89' lang='lat' dir='ltr'>studet</span> <span class='ocrx_word' id='word_1_140' title='bbox 330 2970 451 3043; x_wconf 90' lang='lat' dir='ltr'>officio</span> <span class='ocrx_word' id='word_1_141' title='bbox 470 2970 601 3042; x_wconf 88' lang='lat' dir='ltr'>sedula</span> <span class='ocrx_word' id='word_1_142' title='bbox 618 2971 715 3043; x_wconf 94' lang='lat' dir='ltr'>colla</span> <span class='ocrx_word' id='word_1_143' title='bbox 732 2970 833 3044; x_wconf 90' lang='lat' dir='ltr'>dare.</span> 
     </span>
    </p>

    <p class='ocr_par' dir='ltr' id='par_1_13' title="bbox 64 3085 1111 3299">
     <span class='ocr_line' id='line_1_24' title="bbox 64 3085 1044 3174; baseline 0 -14"><span class='ocrx_word' id='word_1_144' title='bbox 64 3086 118 3161; x_wconf 89' lang='lat' dir='ltr'>Et</span> <span class='ocrx_word' id='word_1_145' title='bbox 135 3111 226 3160; x_wconf 91' lang='lat' dir='ltr'>voce</span> <span class='ocrx_word' id='word_1_146' title='bbox 243 3097 283 3159; x_wconf 92' lang='lat' dir='ltr'>et</span> <span class='ocrx_word' id='word_1_147' title='bbox 299 3085 462 3159; x_wconf 86' lang='lat' dir='ltr'>lacrimis</span> <span class='ocrx_word' id='word_1_148' title='bbox 479 3087 652 3171; x_wconf 89' lang='lat' dir='ltr'>laudasti,</span> <span class='ocrx_word' id='word_1_149' title='bbox 673 3085 813 3171; x_wconf 83' lang='lat' dir='ltr'>Caesar,</span> <span class='ocrx_word' id='word_1_150' title='bbox 833 3086 1044 3174; x_wconf 88' lang='lat' dir='ltr'>alumnum;</span> 
     </span>
     <span class='ocr_line' id='line_1_25' title="bbox 114 3200 1111 3299; baseline 0 -25"><span class='ocrx_word' id='word_1_151' title='bbox 114 3200 253 3275; x_wconf 83' lang='lat' dir='ltr'>Tristia</span> <span class='ocrx_word' id='word_1_152' title='bbox 271 3225 387 3299; x_wconf 93' lang='lat' dir='ltr'>quum</span> <span class='ocrx_word' id='word_1_153' title='bbox 404 3200 550 3274; x_wconf 91' lang='lat' dir='ltr'>medius</span> <span class='ocrx_word' id='word_1_154' title='bbox 569 3211 760 3298; x_wconf 88' lang='lat' dir='ltr'>rumperet</span> <span class='ocrx_word' id='word_1_155' title='bbox 776 3224 861 3273; x_wconf 91' lang='lat' dir='ltr'>orsa</span> <span class='ocrx_word' id='word_1_156' title='bbox 879 3200 996 3273; x_wconf 93' lang='lat' dir='ltr'>dolor.</span> <span class='ocrx_word' id='word_1_157' title='bbox 1037 3206 1111 3274; x_wconf 92' lang='grc'>210</span> 
     </span>
    </p>
   </div>
   <div class='ocr_carea' id='block_1_3' title="bbox 63 3471 1112 3748">
    <p class='ocr_par' dir='ltr' id='par_1_14' title="bbox 63 3471 1112 3748">
     <span class='ocr_line' id='line_1_26' title="bbox 102 3471 1112 3536; baseline -0.004 -12"><span class='ocrx_word' id='word_1_158' title='bbox 102 3477 157 3524; x_wconf 85' lang='lat'><strong>190.</strong></span> <span class='ocrx_word' id='word_1_159' title='bbox 166 3474 270 3530; x_wconf 78' lang='lat' dir='ltr'>lnor’diae,</span> <span class='ocrx_word' id='word_1_160' title='bbox 280 3491 348 3536; x_wconf 67' lang='lat' dir='ltr'>qurum</span> <span class='ocrx_word' id='word_1_161' title='bbox 356 3488 466 3528; x_wconf 76' lang='lat' dir='ltr'>meruere,</span> <span class='ocrx_word' id='word_1_162' title='bbox 477 3472 563 3535; x_wconf 69' lang='lat' dir='ltr'>metm]</span> <span class='ocrx_word' id='word_1_163' title='bbox 615 3475 656 3521; x_wconf 82' lang='lat'>50.</span> <span class='ocrx_word' id='word_1_164' title='bbox 666 3473 696 3520; x_wconf 84' lang='lat' dir='ltr'>dc</span> <span class='ocrx_word' id='word_1_165' title='bbox 708 3471 815 3535; x_wconf 70' lang='lat' dir='ltr'>cogendo</span> <span class='ocrx_word' id='word_1_166' title='bbox 828 3475 858 3519; x_wconf 79' lang='lat' dir='ltr'>ad</span> <span class='ocrx_word' id='word_1_167' title='bbox 867 3473 1031 3519; x_wconf 70' lang='lat' dir='ltr'>restituendam</span> <span class='ocrx_word' id='word_1_168' title='bbox 1045 3473 1112 3520; x_wconf 77' lang='lat' dir='ltr'>liber·</span> 
     </span>
     <span class='ocr_line' id='line_1_27' title="bbox 64 3543 1112 3612; baseline -0.005 -11"><span class='ocrx_word' id='word_1_169' title='bbox 64 3552 125 3601; x_wconf 88' lang='lat' dir='ltr'>Non</span> <span class='ocrx_word' id='word_1_170' title='bbox 140 3548 214 3612; x_wconf 77' lang='lat' dir='ltr'>ignari</span> <span class='ocrx_word' id='word_1_171' title='bbox 225 3556 342 3612; x_wconf 84' lang='lat' dir='ltr'>quantum</span> <span class='ocrx_word' id='word_1_172' title='bbox 355 3547 380 3593; x_wconf 89' lang='lat' dir='ltr'>in</span> <span class='ocrx_word' id='word_1_173' title='bbox 393 3545 457 3610; x_wconf 78' lang='lat' dir='ltr'>ipsos</span> <span class='ocrx_word' id='word_1_174' title='bbox 470 3545 565 3592; x_wconf 71' lang='lat' dir='ltr'>invidio</span> <span class='ocrx_word' id='word_1_175' title='bbox 617 3544 926 3610; x_wconf 75' lang='lat' dir='ltr'>tatemrlugustoagebat.”</span> <span class='ocrx_word' id='word_1_176' title='bbox 950 3543 1016 3602; x_wconf 87' lang='lat' dir='ltr'>Quid</span> <span class='ocrx_word' id='word_1_177' title='bbox 1027 3545 1112 3595; x_wconf 86' lang='lat' dir='ltr'>mirum</span> 
     </span>
     <span class='ocr_line' id='line_1_28' title="bbox 63 3607 1112 3682; baseline -0.007 -9"><span class='ocrx_word' id='word_1_178' title='bbox 63 3634 116 3673; x_wconf 77' lang='lat' dir='ltr'>tam</span> <span class='ocrx_word' id='word_1_179' title='bbox 124 3623 211 3670; x_wconf 76' lang='lat' dir='ltr'>acerba</span> <span class='ocrx_word' id='word_1_180' title='bbox 221 3620 294 3669; x_wconf 71' lang='lat' dir='ltr'>Drusi</span> <span class='ocrx_word' id='word_1_181' title='bbox 303 3635 365 3668; x_wconf 73' lang='lat' dir='ltr'>mon</span> <span class='ocrx_word' id='word_1_182' title='bbox 373 3618 437 3682; x_wconf 81' lang='lat' dir='ltr'>apud</span> <span class='ocrx_word' id='word_1_183' title='bbox 445 3619 566 3666; x_wconf 53' lang='lat' dir='ltr'>&amp;aanor</span> <span class='ocrx_word' id='word_1_184' title='bbox 617 3627 689 3667; x_wconf 79' lang='lat' dir='ltr'>nunc,</span> <span class='ocrx_word' id='word_1_185' title='bbox 700 3609 763 3674; x_wconf 84' lang='lat' dir='ltr'>quod</span> <span class='ocrx_word' id='word_1_186' title='bbox 775 3610 865 3658; x_wconf 76' lang='lat' dir='ltr'>incerto</span> <span class='ocrx_word' id='word_1_187' title='bbox 875 3607 955 3657; x_wconf 68' lang='lat' dir='ltr'>monis</span> <span class='ocrx_word' id='word_1_188' title='bbox 965 3625 1060 3672; x_wconf 75' lang='lat' dir='ltr'>seuere.</span> <span class='ocrx_word' id='word_1_189' title='bbox 1071 3611 1112 3659; x_wconf 82' lang='lat' dir='ltr'>tri·</span> 
     </span>
     <span class='ocr_line' id='line_1_29' title="bbox 64 3682 1110 3748; baseline -0.011 -3"><span class='ocrx_word' id='word_1_190' title='bbox 64 3698 156 3746; x_wconf 78' lang='lat' dir='ltr'>debeat</span> <span class='ocrx_word' id='word_1_191' title='bbox 165 3694 273 3742; x_wconf 79' lang='lat' dir='ltr'>incitare.</span> <span class='ocrx_word' id='word_1_192' title='bbox 616 3684 683 3748; x_wconf 82' lang='lat' dir='ltr'>ginta</span> <span class='ocrx_word' id='word_1_193' title='bbox 693 3686 731 3732; x_wconf 78' lang='lat' dir='ltr'>vix</span> <span class='ocrx_word' id='word_1_194' title='bbox 747 3699 820 3732; x_wconf 82' lang='lat' dir='ltr'>annos</span> <span class='ocrx_word' id='word_1_195' title='bbox 835 3694 913 3739; x_wconf 80' lang='lat' dir='ltr'>natur,</span> <span class='ocrx_word' id='word_1_196' title='bbox 927 3699 941 3732; x_wconf 87' lang='lat' dir='ltr'>e</span> <span class='ocrx_word' id='word_1_197' title='bbox 954 3682 1016 3732; x_wconf 76' lang='lat' dir='ltr'>vivis</span> <span class='ocrx_word' id='word_1_198' title='bbox 1027 3699 1110 3734; x_wconf 72' lang='lat' dir='ltr'>exces-</span> 
     </span>
    </p>
   </div>
   <div class='ocr_carea' id='block_1_4' title="bbox 62 3758 1115 4276">
    <p class='ocr_par' dir='ltr' id='par_1_15' title="bbox 62 3758 1115 4276">
     <span class='ocr_line' id='line_1_30' title="bbox 98 3758 686 3827; baseline -0.026 -9"><span class='ocrx_word' id='word_1_199' title='bbox 98 3770 159 3818; x_wconf 89' lang='grc'>200.</span> <span class='ocrx_word' id='word_1_200' title='bbox 178 3770 282 3816; x_wconf 75' lang='lat' dir='ltr'>comatis</span> <span class='ocrx_word' id='word_1_201' title='bbox 296 3769 366 3827; x_wconf 73' lang='lat' dir='ltr'>erepti</span> <span class='ocrx_word' id='word_1_202' title='bbox 378 3767 469 3827; x_wconf 81' lang='lat' dir='ltr'>publica</span> <span class='ocrx_word' id='word_1_203' title='bbox 483 3767 566 3812; x_wconf 74' lang='lat' dir='ltr'>domm</span> <span class='ocrx_word' id='word_1_204' title='bbox 616 3758 686 3807; x_wconf 83' lang='lat' dir='ltr'>serit!</span> 
     </span>
     <span class='ocr_line' id='line_1_31' title="bbox 63 3830 1114 3909; baseline -0.01 -18"><span class='ocrx_word' id='word_1_205' title='bbox 63 3843 162 3909; x_wconf 71' lang='lat' dir='ltr'>refert]</span> <span class='ocrx_word' id='word_1_206' title='bbox 185 3844 312 3890; x_wconf 85' lang='lat' dir='ltr'>Enumerat</span> <span class='ocrx_word' id='word_1_207' title='bbox 332 3840 492 3903; x_wconf 73' lang='lat' dir='ltr'>illacrymans,</span> <span class='ocrx_word' id='word_1_208' title='bbox 509 3845 567 3901; x_wconf 86' lang='lat' dir='ltr'>quot</span> <span class='ocrx_word' id='word_1_209' title='bbox 649 3833 706 3880; x_wconf 82' lang='lat'><strong>209.</strong></span> <span class='ocrx_word' id='word_1_210' title='bbox 718 3831 747 3878; x_wconf 84' lang='lat' dir='ltr'>Et</span> <span class='ocrx_word' id='word_1_211' title='bbox 757 3848 808 3880; x_wconf 77' lang='lat' dir='ltr'>voco</span> <span class='ocrx_word' id='word_1_212' title='bbox 817 3841 839 3879; x_wconf 77' lang='lat' dir='ltr'>ct</span> <span class='ocrx_word' id='word_1_213' title='bbox 850 3832 959 3887; x_wconf 67' lang='lat' dir='ltr'>mommio,</span> <span class='ocrx_word' id='word_1_214' title='bbox 969 3831 1029 3894; x_wconf 75' lang='lat' dir='ltr'>etc]</span> <span class='ocrx_word' id='word_1_215' title='bbox 1043 3837 1059 3859; x_wconf 81' lang='lat'>‘⁴</span> <span class='ocrx_word' id='word_1_216' title='bbox 1069 3830 1114 3880; x_wconf 89' lang='lat' dir='ltr'>Vi·</span> 
     </span>
     <span class='ocr_line' id='line_1_32' title="bbox 63 3904 1113 3984; baseline -0.014 -17"><span class='ocrx_word' id='word_1_217' title='bbox 63 3926 205 3984; x_wconf 79' lang='lat' dir='ltr'>quantaque</span> <span class='ocrx_word' id='word_1_218' title='bbox 216 3915 364 3980; x_wconf 65' lang='lat' dir='ltr'>Reipublicae</span> <span class='ocrx_word' id='word_1_219' title='bbox 377 3915 440 3962; x_wconf 88' lang='lat' dir='ltr'>bona</span> <span class='ocrx_word' id='word_1_220' title='bbox 452 3914 566 3968; x_wconf 74' lang='lat' dir='ltr'>Consulis,</span> <span class='ocrx_word' id='word_1_221' title='bbox 617 3921 673 3953; x_wconf 84' lang='lat' dir='ltr'>vum</span> <span class='ocrx_word' id='word_1_222' title='bbox 694 3914 815 3970; x_wconf 82' lang='lat' dir='ltr'>tantopore</span> <span class='ocrx_word' id='word_1_223' title='bbox 837 3904 921 3953; x_wconf 83' lang='lat' dir='ltr'>dilexit</span> <span class='ocrx_word' id='word_1_224' title='bbox 937 3906 1069 3968; x_wconf 79' lang='lat' dir='ltr'>Augustus,</span> <span class='ocrx_word' id='word_1_225' title='bbox 1087 3914 1113 3953; x_wconf 85' lang='lat' dir='ltr'>ut</span> 
     </span>
     <span class='ocr_line' id='line_1_33' title="bbox 64 3976 1114 4045; baseline -0.016 -4"><span class='ocrx_word' id='word_1_226' title='bbox 64 3994 92 4041; x_wconf 90' lang='lat' dir='ltr'>id</span> <span class='ocrx_word' id='word_1_227' title='bbox 113 3999 151 4040; x_wconf 81' lang='lat' dir='ltr'>est</span> <span class='ocrx_word' id='word_1_228' title='bbox 170 3988 254 4045; x_wconf 80' lang='lat' dir='ltr'>Drusi,</span> <span class='ocrx_word' id='word_1_229' title='bbox 272 3988 346 4037; x_wconf 82' lang='lat' dir='ltr'>letum</span> <span class='ocrx_word' id='word_1_230' title='bbox 358 3987 477 4034; x_wconf 84' lang='lat' dir='ltr'>inviderit.</span> <span class='ocrx_word' id='word_1_231' title='bbox 512 3985 565 4033; x_wconf 84' lang='lat' dir='ltr'>Nec</span> <span class='ocrx_word' id='word_1_232' title='bbox 616 3977 756 4026; x_wconf 75' lang='lat' dir='ltr'>coheredem</span> <span class='ocrx_word' id='word_1_233' title='bbox 777 3993 868 4042; x_wconf 84' lang='lat' dir='ltr'>semper</span> <span class='ocrx_word' id='word_1_234' title='bbox 895 3977 951 4026; x_wconf 75' lang='lat' dir='ltr'>filiis</span> <span class='ocrx_word' id='word_1_235' title='bbox 978 3976 1114 4033; x_wconf 76' lang='lat' dir='ltr'>instituerit,</span> 
     </span>
     <span class='ocr_line' id='line_1_34' title="bbox 62 4051 1115 4125; baseline -0.017 -10"><span class='ocrx_word' id='word_1_236' title='bbox 62 4067 118 4116; x_wconf 71' lang='lat' dir='ltr'>sinc</span> <span class='ocrx_word' id='word_1_237' title='bbox 134 4072 212 4112; x_wconf 82' lang='lat' dir='ltr'>mente</span> <span class='ocrx_word' id='word_1_238' title='bbox 231 4064 367 4124; x_wconf 61' lang='lat' dir='ltr'>Reipublicae</span> <span class='ocrx_word' id='word_1_239' title='bbox 384 4061 456 4109; x_wconf 82' lang='lat' dir='ltr'>dixit:</span> <span class='ocrx_word' id='word_1_240' title='bbox 476 4059 567 4125; x_wconf 85' lang='lat' dir='ltr'>prolata</span> <span class='ocrx_word' id='word_1_241' title='bbox 616 4052 805 4116; x_wconf 75' lang='lat' dir='ltr'>sicutquondam</span> <span class='ocrx_word' id='word_1_242' title='bbox 816 4051 1115 4116; x_wconf 75' lang='lat' dir='ltr'>incenatuprolemusort3</span> 
     </span>
     <span class='ocr_line' id='line_1_35' title="bbox 64 4123 1113 4195; baseline -0.017 -7"><span class='ocrx_word' id='word_1_243' title='bbox 64 4139 132 4189; x_wconf 82' lang='lat' dir='ltr'>enim</span> <span class='ocrx_word' id='word_1_244' title='bbox 142 4135 311 4194; x_wconf 48' lang='lat' dir='ltr'>«cartherio</span> <span class='ocrx_word' id='word_1_245' title='bbox 323 4135 402 4191; x_wconf 78' lang='lat' dir='ltr'>fratre,</span> <span class='ocrx_word' id='word_1_246' title='bbox 409 4133 482 4181; x_wconf 77' lang='lat' dir='ltr'>Drusi</span> <span class='ocrx_word' id='word_1_247' title='bbox 491 4130 566 4195; x_wconf 83' lang='lat' dir='ltr'>Epist.</span> <span class='ocrx_word' id='word_1_248' title='bbox 616 4136 641 4176; x_wconf 82' lang='lat' dir='ltr'>ot</span> <span class='ocrx_word' id='word_1_249' title='bbox 661 4126 801 4175; x_wconf 79' lang='lat' dir='ltr'>defunctum</span> <span class='ocrx_word' id='word_1_250' title='bbox 821 4125 856 4174; x_wconf 83' lang='lat' dir='ltr'>ita</span> <span class='ocrx_word' id='word_1_251' title='bbox 873 4141 915 4189; x_wconf 86' lang='lat' dir='ltr'>pro</span> <span class='ocrx_word' id='word_1_252' title='bbox 931 4123 1045 4173; x_wconf 85' lang='lat' dir='ltr'>concione</span> <span class='ocrx_word' id='word_1_253' title='bbox 1061 4124 1113 4170; x_wconf 81' lang='lat' dir='ltr'>lau·</span> 
     </span>
     <span class='ocr_line' id='line_1_36' title="bbox 64 4193 1115 4276; baseline -0.017 -16"><span class='ocrx_word' id='word_1_254' title='bbox 64 4220 82 4240; x_wconf 83' lang='lat'>⁴⁴</span> <span class='ocrx_word' id='word_1_255' title='bbox 100 4225 150 4276; x_wconf 76' lang='lat' dir='ltr'>qua</span> <span class='ocrx_word' id='word_1_256' title='bbox 166 4225 255 4266; x_wconf 70' lang='lat' dir='ltr'>mcum,</span> <span class='ocrx_word' id='word_1_257' title='bbox 271 4207 350 4272; x_wconf 83' lang='lat' dir='ltr'>inquit</span> <span class='ocrx_word' id='word_1_258' title='bbox 370 4208 467 4255; x_wconf 76' lang='lat' dir='ltr'>sueton.</span> <span class='ocrx_word' id='word_1_259' title='bbox 487 4204 567 4253; x_wconf 83' lang='lat' dir='ltr'>Tiber.</span> <span class='ocrx_word' id='word_1_260' title='bbox 618 4198 692 4255; x_wconf 79' lang='lat' dir='ltr'>davit,</span> <span class='ocrx_word' id='word_1_261' title='bbox 704 4207 730 4247; x_wconf 82' lang='lat' dir='ltr'>ut</span> <span class='ocrx_word' id='word_1_262' title='bbox 741 4199 807 4248; x_wconf 76' lang='lat' dir='ltr'>Deos</span> <span class='ocrx_word' id='word_1_263' title='bbox 819 4205 930 4263; x_wconf 70' lang='lat' dir='ltr'>precatus</span> <span class='ocrx_word' id='word_1_264' title='bbox 943 4196 983 4253; x_wconf 84' lang='lat' dir='ltr'>rit,</span> <span class='ocrx_word' id='word_1_265' title='bbox 993 4193 1082 4244; x_wconf 75' lang='lat' dir='ltr'>similes</span> <span class='ocrx_word' id='word_1_266' title='bbox 1091 4193 1115 4244; x_wconf 81' lang='lat' dir='ltr'>ei</span> 
     </span>
    </p>
   </div>
   <div class='ocr_carea' id='block_1_5' title="bbox 0 0 1410 5018">
    <p class='ocr_par' dir='ltr' id='par_1_16' title="bbox 0 0 1410 5018">
     <span class='ocr_line' id='line_1_37' title="bbox 0 0 1410 5018; baseline 0 0"><span class='ocrx_word' id='word_1_267' title='bbox 0 0 1410 5018; x_wconf 95' lang='lat' dir='ltr'> </span> 
     </span>
    </p>
   </div>
  </div>
 </body>
</html>
