2806 5018
367 365 631 451 neronum,
650 366 742 446 ule.
766 367 796 436 1.
1081 378 1105 443 b

59 539 174 626 Quod
192 539 284 615 satis
301 550 374 628 est,
392 550 500 615 utero
517 540 646 615 matris
659 539 751 616 dum
768 541 927 641 prodeat
943 544 1064 624 inians
1074 575 1092 640 ;.

110 655 195 730 Hoc
213 680 312 731 anno
329 658 462 731 statuit
476 657 657 754 temporis
674 680 760 731 esse
777 658 882 734 satie.
1041 738 1044 744 ,

59 769 136 846 Per
152 771 312 847 totidem
325 795 476 847 meuses
494 795 517 846 a
533 770 663 846 funere
681 774 854 871 conjugis
871 800 967 853 uxor
1054 783 1103 870 35

112 887 284 962 Sustinet
299 888 339 962 in
354 887 468 962 vidua
484 887 606 960 tristia
623 887 732 984 signa
746 888 872 966 domo.

60 1001 147 1077 Hoc
164 1003 280 1101 igitur
295 1003 390 1078 vidit
401 1003 562 1077 trabeati
579 1026 671 1078 cura
687 1003 846 1093 Quirini,

112 1119 240 1205 Quum
256 1121 413 1194 rudibus
431 1119 580 1218 populis
598 1142 723 1193 annua
735 1121 822 1215 jura
837 1121 958 1198 daret.

58 1234 198 1310 Martis
215 1247 295 1311 erat
311 1237 454 1335 primus
472 1235 624 1321 mensis,
639 1235 876 1334 Venerisque
893 1242 1104 1318 secundus:

111 1349 205 1426 Haec
223 1353 372 1449 generis
389 1352 578 1450 princepe,
596 1351 715 1450 ipsius
733 1353 795 1427 ille
813 1361 942 1450 pater:
1055 1361 1106 1430 40

58 1465 211 1542 Tertius
228 1492 252 1542 a
267 1470 443 1557 senibus3
468 1471 650 1566 juvenum
666 1468 717 1543 de
733 1469 885 1544 nomine
902 1482 1080 1568 quartus:

111 1581 206 1667 Quae
223 1585 394 1682 sequitur
411 1608 567 1660 numero
584 1584 696 1658 turba
712 1596 843 1661 notata
859 1584 941 1660 fuit.

57 1696 114 1770 At
132 1696 260 1773 Numa
276 1723 346 1775 nec
363 1699 387 1774 J
390 1724 516 1786 anum,
534 1722 605 1772 nec
619 1699 737 1774 avitas
755 1702 921 1798 praeterit
938 1705 1103 1794 umbras,

111 1811 311 1889 Mensibus
328 1816 494 1914 antiquis
512 1817 766 1914 apposuitque
782 1818 890 1892 duos.

56 2059 211 2116 Plutsrcbus.
229 2061 305 2111 Num.
317 2063 356 2111 ta.
384 2061 470 2112 Tristia
483 2064 558 2128 siges.
608 2059 763 2111 inhonorem
778 2061 990 2129 utriusquepartis
1006 2064 1106 2114 alterum

58 2132 117 2180 Non
128 2132 256 2198 prodibant
269 2134 296 2182 in
309 2134 443 2200 publicum,
454 2136 558 2185 abstine-
609 2135 709 2192 Maium,
716 2137 815 2185 alterurn
825 2137 924 2185 Jum'um
934 2154 1041 2188 vocasse.

58 2207 120 2255 bunt
137 2222 152 2255 a
167 2207 291 2266 conviviis,
301 2210 379 2258 focum
395 2226 443 2258 non
458 2210 558 2259 instrue-
640 2210 683 2257 4³.
701 2211 775 2258 Erant
785 2209 849 2268 olim,
861 2220 956 2260 auctore
968 2211 1106 2271 Ceronius,

57 2281 137 2341 bant,
159 2280 318 2331 Kircbmann.
339 2282 369 2331 de
389 2284 450 2333 Fun.
467 2284 500 2332 iv.
519 2284 558 2334 lt.
609 2297 661 2347 csp.
669 2285 709 2332 20.
717 2284 760 2348 qui
771 2284 874 2333 Numam
886 2284 993 2335 dicerent
1001 2286 1107 2336 ordinent

59 2358 126 2404 Cura
134 2356 426 2421 euertatipssouiriuns,
436 2367 464 2408 ut
472 2360 558 2408 LMe·
608 2364 700 2405 tantum
721 2357 837 2407 mensium
858 2357 996 2415 retexuisse,
1012 2368 1038 2408 et
1057 2360 1106 2425 pri-
1150 2412 1155 2424 .

58 2439 118 2478 tarn.
135 2431 176 2478 47.
192 2448 250 2479 curs
263 2432 315 2480 Dei.
360 2432 446 2481 Trabes
467 2432 513 2481 fuit
532 2432 558 2482 in
608 2445 672 2478 mum
683 2430 797 2495 posuisse,
808 2432 849 2496 qui
866 2433 937 2482 fueris
947 2434 991 2481 sub
1002 2433 1106 2483 &mulo

57 2503 192 2568 insignibus
211 2520 293 2570 regum
312 2506 411 2568 Romus3
436 2506 526 2562 livius,
541 2507 558 2554 i.
608 2503 756 2562 undecimus,
770 2505 919 2563 anuarium,
936 2507 974 2555 rel
990 2506 1047 2570 quis
1062 2508 1106 2557 Ja-

57 2578 102 2624 41.
120 2577 216 2626 &ntus
236 2595 288 2627 cum
306 2581 383 2627 trabes
400 2588 423 2628 et
442 2581 560 2629 lictoribus
608 2591 661 2633 nus,
680 2579 749 2627 Deus
768 2577 858 2644 biceps,
876 2588 901 2629 et
919 2579 1031 2629 transacti
1049 2579 1105 2629 anni

54 2653 142 2713 prodit.
183 2651 249 2708 Quin
270 2652 334 2717 spud
355 2654 423 2717 virg.
442 2654 500 2702 AEn.
518 2654 559 2703 rii.
608 2650 679 2699 tinem
697 2651 816 2717 respiciat,
837 2654 958 2718 futurique
979 2653 1107 2720 prospiciet

60 2727 117 2772 188.
125 2725 176 2789 jam
186 2725 260 2774 Picus
271 2742 312 2774 rex
328 2729 457 2776 succinctus
471 2731 558 2776 trater.
608 2724 731 2789 principia,
743 2727 781 2774 vel
792 2727 849 2791 quia
860 2727 942 2775 Numa
951 2735 1013 2776 artes
1024 2727 1108 2776 civiles

60 2799 155 2859 Pspntr',
169 2800 243 2848 dra.
269 2800 302 2848 Hi
314 2816 328 2849 a
338 2801 414 2858 Livio,
425 2801 441 2851 i.
453 2803 477 2851 8.
486 2819 560 2864 gem
607 2798 716 2862 praeferre
725 2799 826 2848 voluerit
832 2800 935 2856 bellicis,
943 2801 1031 2850 Janum
1042 2801 1106 2849 enirn

57 2873 175 2919 bominum
186 2884 273 2936 agreste
283 2882 405 2931 vocantur,
417 2874 454 2923 cui
466 2875 558 2924 Romu·
607 2870 712 2919 civilium
724 2871 795 2921 tuisse
809 2873 931 2928 cultorem,
942 2874 1062 2939 vitamque
1072 2874 1107 2923 fe·

58 2944 272 3006 lnsjsrsdederit.
607 2962 657 2996 ram
677 2947 812 2996 mollivisse.
846 2948 901 3014 Ipse
919 2948 1062 2998 Plutarchus
1080 2948 1106 2999 in

92 3021 135 3068 ³9.
153 3019 175 3066 r:
192 3019 321 3069 Plutarcho
338 3028 361 3070 et
376 3021 501 3071 Macrobio
515 3037 558 3088 ap·
607 3037 660 3069 earn
681 3021 821 3071 sententiam
842 3021 949 3071 inclinat.
989 3022 1036 3070 Sed
1057 3022 1106 3071 rid.

59 3100 136 3156 paret,
143 3092 195 3156 jaro
207 3093 350 3158 antiquiores
360 3094 391 3143 de
401 3094 484 3143 ordine
492 3110 559 3144 men·
608 3094 686 3143 Ideler
698 3094 790 3158 d.1.p.
802 3095 859 3144 347.
891 3094 1027 3143 &cundum
1042 3095 1105 3142 Nos·

58 3166 121 3215 sium
136 3167 214 3231 prisco
228 3168 328 3215 multum
343 3168 487 3232 quaesivisse.
519 3169 559 3218 Ve-
608 3176 678 3224 uum,
689 3167 723 3216 iii.
736 3170 791 3216 ltu.
802 3167 825 3216 id
838 3166 896 3215 iecit
909 3174 1005 3214 auctore
1016 3165 1105 3229 Pytha·

58 3243 163 3304 nerisque
181 3243 301 3291 modus.
340 3241 419 3291 Etiam
437 3242 557 3300 Horatius,
607 3257 672 3306 gera.
714 3243 795 3289 Auitus
814 3243 912 3295 umbras,
935 3254 1020 3304 nempe
1040 3239 1107 3304 Justa

61 3313 226 3363 rv.0d.1i.
248 3316 292 3363 15:
316 3315 437 3363 “Mensis
459 3316 558 3365 Veneris
608 3313 662 3362 Diis
673 3312 786 3361 Manibus
795 3310 997 3361 solvebanturbuc
1009 3327 1105 3375 mense3

60 3387 183 3436 manns?
210 3388 318 3438 Mucrob.
341 3391 441 3438 “Hanc
460 3389 557 3439 Romuli
608 3388 693 3436 ittet
712 3402 765 3451 sqq.
794 3387 834 3435 De
850 3385 943 3434 nomine
958 3386 1013 3436 vide
1030 3385 1056 3436 ii.
1074 3389 1106 3437 19

59 3469 169 3510 merum
186 3460 257 3510 inisse
272 3462 396 3520 rationem,
413 3473 440 3513 ut
456 3463 557 3528 primum
607 3477 662 3526 sqq.
691 3462 848 3524 Apposritque.
867 3460 934 3509 Unus
944 3460 1032 3509 Moreti
1045 3471 1105 3523 post·

59 3535 156 3599 quidem
173 3551 277 3584 mensem
293 3547 390 3602 epatre
407 3553 449 3586 suo
466 3539 556 3596 Morte,
606 3539 731 3598 possitque.
742 3551 815 3600 quum
825 3535 895 3598 vulgo
906 3533 1034 3583 exhibeant
1044 3552 1104 3597 prc-

59 3609 191 3658 secundurn
213 3610 244 3658 ab
261 3611 345 3659 AEners
367 3621 442 3660 matre
463 3614 557 3662 Venere
606 3614 730 3673 posuitque.
764 3611 856 3659 Neutra
866 3609 937 3658 lectio
948 3609 1001 3657 ferri
1012 3618 1105 3675 potest;

60 3682 199 3739 nominaret,
207 3693 232 3732 ct
240 3682 417 3749 bipotissimum
426 3686 481 3734 anni
492 3685 557 3750 prin·
607 3700 710 3749 namque
727 3684 807 3732 Numa
818 3685 832 3734 J
836 3682 958 3732 anuarium
970 3683 1106 3749 praeposuit,

60 3756 124 3820 cipia
138 3765 268 3815 serraoent,
283 3758 309 3806 in
324 3758 412 3823 quibus
427 3767 489 3808 essct
506 3760 557 3808 Ro·
607 3757 759 3806 Februarium
774 3766 855 3807 contra
871 3756 897 3804 in
912 3755 968 3805 anni
983 3756 1054 3806 tinem
1069 3772 1105 3807 ra·

59 3829 124 3878 mani
146 3829 248 3880 nominis
264 3831 362 3896 origio.”
402 3832 442 3880 De
463 3831 557 3881 nomine
604 3832 671 3896 jecit.
689 3838 717 3879 ut
738 3829 826 3879 Noster
843 3830 893 3895 ipse
913 3828 939 3877 ii.
960 3831 1000 3880 49.
1017 3837 1105 3880 mouet.

60 3902 143 3952 borum
162 3903 262 3952 duorum
275 3905 391 3954 meusium
402 3905 456 3954 vide
469 3906 520 3955 111.
532 3912 557 3955 et
607 3905 676 3953 Alios
695 3912 775 3953 tamen
791 3911 898 3953 auctores
913 3903 1050 3953 Macrobius
1068 3919 1106 3954 se·

60 3976 105 4024 lv.
123 3976 177 4025 init.
196 3976 272 4042 plura.
315 3978 405 4028 Tertius
425 3997 440 4027 s
459 3982 557 4036 umbras,
607 3987 676 4027 cutus
691 3986 742 4038 cst;
759 3977 780 4026 is
792 3979 864 4033 enim,
876 3977 1107 4042 ”cunduminquit

57 4060 105 4100 etc.
127 4050 207 4099 Etiam
217 4050 316 4100 Fulvius
327 4051 435 4102 Nobilior
444 4053 470 4100 in
481 4053 558 4105 Fastis
607 4053 689 4101 Numa
702 4055 787 4101 dicum
799 4052 888 4101 Februo
899 4052 955 4100 Deo.
982 4052 1060 4116 Prope
1073 4051 1104 4100 sd

58 4124 371 4181 murtuensrtomurum
380 4133 504 4192 postquam
516 4143 557 4192 po·
608 4137 710 4176 nostram
726 4127 853 4175 lectionem
867 4123 993 4179 accedunt,
1006 4123 1048 4189 qui
1062 4126 1105 4172 sd·

59 4197 143 4264 pulum
153 4197 423 4264 iunojometjusiorsr
431 4199 558 4259 divisissct,
607 4203 668 4252 didit
682 4201 723 4251 s'tts
737 4200 866 4260 exbibeut3
882 4214 931 4264 quo
940 4197 1012 4248 verbo
1025 4195 1104 4247 etalii
