2806 5018
298 347 342 411 80
593 341 633 404 P.
658 338 823 404 OVIDll
848 337 1061 404 NASONIS

298 519 420 605 Risit;
451 527 490 590 et
507 514 667 588 indoluit
686 512 822 585 Fabios
842 511 1010 610 potuisse
1030 510 1273 608 Remumque

346 633 507 705 Vincere
524 659 533 719 ;
565 628 796 713 Quinctilios
815 653 889 701 non
908 627 1080 726 potuisse
1098 651 1201 700 suos.

296 748 414 822 Fama
431 757 558 821 manet
574 745 684 817 facti:
714 743 838 842 posito
855 742 1040 816 velamine
1059 751 1228 827 currunt,
1274 743 1342 813 379

348 863 399 936 Et
415 884 620 936 memorem
638 859 789 945 famam,
809 858 911 954 quod
929 858 1028 932 bene
1046 855 1174 942 cessit,
1195 855 1321 928 habet.

301 978 474 1052 Forsitan
492 988 531 1050 et
549 1000 710 1074 quaeras,
730 999 797 1048 cur
816 975 864 1047 sit
881 975 987 1047 locus
1006 973 1068 1045 ille
1088 970 1296 1069 Luperca13

351 1093 493 1177 Quaeve
511 1091 612 1165 diem
630 1088 697 1164 tali
717 1090 866 1162 nomine
884 1112 1000 1162 causa
1017 1097 1136 1161 notet.

304 1209 374 1283 Ilia
392 1208 558 1282 Vestalis
577 1206 746 1282 coelestia
764 1204 908 1278 semina
926 1214 1034 1303 partu

350 1322 545 1407 Ediderat,
565 1332 701 1418 patruo
719 1344 835 1415 regna
852 1331 1007 1393 tenente
1025 1341 1107 1390 suo,

301 1441 341 1513 ls
355 1440 467 1537 jubet
485 1438 621 1510 auferri
639 1459 790 1533 pueros
810 1436 903 1508 etin
923 1457 1033 1508 amne
1050 1430 1191 1504 necari.
1279 1432 1348 1502 385

353 1553 455 1636 Quid
472 1551 590 1625 lacis?
617 1575 666 1624 ex
685 1549 766 1622 istis
787 1550 972 1622 Romulus
991 1549 1086 1621 alter
1104 1545 1187 1619 erit.

301 1667 417 1742 Jussa
434 1676 651 1740 recusantes
670 1677 857 1763 peragunt
875 1666 1089 1762 lacrymosa
1105 1660 1289 1746 ministri;

355 1782 466 1855 Flent
482 1793 621 1865 tamen,
642 1791 681 1855 et
699 1781 869 1876 geminos
888 1783 925 1853 in
944 1782 1028 1853 loca
1040 1781 1149 1875 jussa
1166 1775 1302 1850 lerunt.

301 1896 453 1982 Albula,
473 1920 587 1992 quem
605 1895 734 1968 Tibrin
754 1920 898 1969 mersus
917 1894 1115 1967 Tiberinus
1133 1891 1172 1963 in
1193 1889 1296 1963 unda

355 2011 550 2096 Reddidit,
567 2010 733 2083 bibernis
752 2009 846 2083 sorte
863 2011 1036 2083 tumebat
1053 2006 1175 2104 aquis
1279 2007 1351 2077 390

336 2234 392 2281 381.
403 2233 441 2282 De
452 2232 541 2297 origine
554 2248 605 2280 voc.
618 2233 741 2294 erpercol.
756 2232 802 2282 llic
855 2250 907 2282 eam
919 2234 953 2283 sic
965 2232 1084 2299 appellare
1095 2240 1184 2280 amant.

303 2306 425 2369 usquead
444 2322 491 2354 ver.
505 2307 563 2354 422.
582 2313 669 2360 narrat,
688 2307 804 2370 quomodo
885 2309 941 2357 3116.
959 2309 1053 2356 Romuli
1071 2321 1156 2354 nomen
1174 2304 1214 2352 bic
1232 2319 1287 2352 cum
1304 2319 1352 2352 em·

306 2377 424 2427 Romulus
437 2395 491 2427 curn
503 2381 573 2427 fratre
588 2387 666 2435 uatus,
677 2381 806 2445 expositus,
852 2381 920 2447 phasi
941 2380 1053 2446 positum,
1070 2377 1178 2427 conditor
1195 2376 1237 2425 ille
1257 2376 1351 2424 maximi

304 2462 412 2499 servatus
428 2460 500 2515 atque
514 2451 631 2499 educmus
642 2452 684 2500 sit:
704 2469 804 2516 quaere·
853 2454 982 2503 secundum
995 2454 1100 2501 Deorum
1111 2466 1169 2516 opes
1179 2449 1281 2515 imperii.
1307 2449 1351 2497 Re-

304 2531 417 2589 petuntur
427 2523 460 2571 iii.
474 2525 578 2572 11-51.
596 2524 732 2572 Secundum
744 2526 803 2574 Dio·
853 2539 956 2577 curantes
969 2537 1066 2593 possunt
1083 2523 1274 2588 tergiversantes,
1285 2522 1351 2570 inviti

305 2596 380 2661 nysi.
390 2598 430 2645 32.
438 2597 558 2653 Evander,
566 2596 627 2644 Pani
639 2599 725 2661 Lycao
736 2614 804 2647 sacra
854 2600 963 2665 intelligi.
996 2601 1142 2662 Laerpmosa,
1155 2607 1183 2645 ut
1194 2598 1259 2662 apud
1271 2597 1353 2644 Horat.

305 2669 330 2717 in
342 2671 414 2718 ltalia
430 2671 544 2726 lactarus,
556 2671 634 2718 locum
652 2671 737 2735 reperit
754 2672 803 2721 ido·
855 2677 1003 2737 lacrymosum
1014 2673 1105 2720 bellum.

305 2758 387 2798 neum,
403 2759 473 2807 quern
494 2741 729 2808 καλοῦσιῬωμαῖον
747 2747 804 2794 λου·
888 2748 944 2795 389.
961 2746 1012 2794 Liv.
1023 2745 1039 2792 i.
1051 2746 1078 2792 3:
1100 2741 1262 2798 “liberinns,
1272 2741 1314 2805 qui
1329 2741 1351 2789 in

305 2813 448 2879 περκᾰλιον,
461 2816 530 2881 ἡμεῖς
547 2815 566 2865 δ’
584 2815 618 2866 dv
635 2817 744 2882 εἴποιμεν
761 2820 803 2866 λυ·
856 2820 955 2884 trajectu
967 2818 1061 2866 Albula
1073 2816 1149 2865 amuis
1160 2815 1306 2870 submersus,
1315 2830 1353 2862 ce·

304 2892 383 2939 saiov.
402 2891 460 2938 Haec
473 2890 519 2939 duo
530 2893 592 2939 enim
604 2891 685 2940 eodem
698 2892 805 2940 redeunt.
855 2893 919 2941 lebre
936 2892 966 2940 ad
983 2900 1088 2957 posteros
1104 2904 1188 2938 nomen
1206 2887 1299 2937 flumini
1313 2888 1353 2937 de·

305 2963 455 3018 Plutarchus,
476 2966 568 3022 Quaest.
589 2964 660 3012 Rom.
677 2981 732 3029 pag.
752 2967 806 3014 131.
856 2965 917 3014 dit.”
951 2966 987 3012 Ex
999 2966 1097 3012 hiber-als
1110 2967 1174 3025 aquis
1186 2961 1268 3026 Neap.
1281 2961 1352 3025 conji·

303 3036 387 3086 Relslr.
416 3037 495 3096 Λύκος
503 3041 548 3102 μὲν
559 3037 572 3086 ὁ
583 3038 678 3096 λοῦπός
690 3039 749 3094 lori,
762 3041 803 3088 sal
854 3039 895 3094 cit,
912 3054 997 3102 pueros
1017 3038 1070 3085 illos
1088 3035 1184 3083 hiemali
1203 3044 1310 3099 tempore
1330 3035 1353 3082 in

305 3111 401 3162 Λύκαια
411 3113 442 3162 τὰ
454 3111 637 3178 Λουπερκάλια.
662 3113 747 3161 Noster
759 3113 802 3177 igi·
853 3112 931 3160 luceru
942 3126 991 3159 esse
1003 3109 1086 3158 editos.
1104 3109 1192 3158 Confer
1202 3107 1232 3156 ad
1242 3123 1291 3156 ver.
1299 3109 1352 3158 206.

305 3193 343 3233 tur
355 3193 442 3235 temere
455 3187 484 3234 ab
496 3185 540 3234 hoc
552 3186 647 3234 nomine
657 3186 803 3234 occasionem
854 3185 943 3234 Verum
965 3185 1069 3231 hibernas
1088 3192 1130 3230 ant
1151 3182 1256 3229 hiemales
1281 3196 1352 3245 squas

305 3259 378 3324 capit,
397 3259 494 3307 Romuli
512 3260 637 3323 fratrisque
657 3258 804 3307 nativitatem
853 3269 929 3323 poete
946 3257 1017 3305 etiam
1034 3263 1173 3311 memorant,
1184 3269 1259 3317 quum
1275 3255 1351 3319 eopio-

306 3341 331 3379 et
342 3332 455 3396 reliquam
470 3341 555 3380 sortem
570 3330 688 3380 narrandi.
721 3332 804 3396 Sequi·
855 3348 892 3380 aas
902 3342 927 3379 et
936 3330 1031 3395 rapidas
1041 3329 1120 3378 dicere
1132 3328 1225 3376 volunt.
1251 3327 1314 3376 Vide
1324 3326 1351 3375 sd

305 3413 344 3451 tur
352 3413 432 3451 autem
441 3404 561 3466 vulgarem
569 3403 805 3468 traditionem,quam
855 3405 955 3454 Metam.
966 3404 998 3452 ix.
1011 3407 1065 3453 105.
1082 3403 1182 3465 Dionys.
1194 3417 1224 3450 ex
1236 3403 1269 3459 Q.
1283 3402 1352 3450 Fabio

308 3476 397 3540 primus
412 3475 509 3524 Diocles
526 3477 673 3540 Peparethus
687 3477 804 3533 ediderat,
859 3478 951 3526 Pictore
977 3487 1063 3532 narrat,
1083 3475 1188 3524 Tiberim
1215 3473 1278 3540 ripas
1305 3489 1352 3523 esse

306 3563 426 3612 quamque
437 3547 492 3595 inde
503 3549 534 3605 Q.
546 3548 634 3595 Fabius
649 3548 736 3606 Pictor,
748 3549 804 3598 Cin·
855 3566 973 3615 egressum
992 3550 1040 3599 ὑπὸ
1057 3549 1189 3614 Χειμώνων
1204 3552 1329 3612 συνεχῶν,
1341 3562 1352 3594 ι

308 3620 367 3675 cius,
390 3621 485 3668 Porcius
507 3621 567 3668 Cato
592 3630 617 3668 et
638 3620 679 3668 alii
703 3624 805 3688 amplexi
856 3625 1035 3689 tempestatibus
1045 3624 1178 3682 continuis3
1196 3638 1252 3670 nam
1263 3620 1351 3686 χυμὸν

308 3703 384 3741 erant.
419 3694 539 3742 Plutarch.
552 3693 661 3753 Rom.3;
679 3696 778 3762 Dionys.
789 3697 805 3746 i.
857 3698 947 3746 Grecis
963 3708 987 3747 et
1005 3706 1133 3762 tempestas
1150 3704 1194 3745 est.
1228 3696 1315 3760 Itaque
1331 3703 1351 3743 et

309 3768 348 3815 79.
368 3767 414 3814 Pro
427 3766 472 3814 llia
484 3767 555 3830 vulgo
564 3767 644 3823 Siluia,
654 3784 722 3832 aeqne
733 3781 806 3819 recte.
856 3772 941 3826 Varro,
957 3780 1077 3836 poetarum
1094 3780 1135 3819 aut
1152 3770 1291 3818 Graecorum
1307 3784 1351 3815 ser-

312 3839 435 3887 Plutarch.
448 3838 471 3885 d.
483 3839 499 3886 l.
519 3837 620 3899 Τάοτην
630 3839 652 3888 ol
662 3843 707 3905 μὲν
718 3841 806 3900 Ἰλίαν,
856 3860 924 3892 mone
935 3845 1054 3898 inductus,
1065 3843 1142 3908 potuit
1152 3841 1270 3891 scribere:
1290 3848 1306 3869 ¹⁴
1316 3839 1351 3888 Ad

310 3911 333 3960 oi
352 3911 375 3960 rt
391 3910 473 3967 Ῥέαν,
491 3912 513 3961 οἱ
533 3911 556 3960 dl
579 3913 696 3963 Σιλουΐαν
713 3915 806 3980 ὀνομᾰ-
857 3917 926 3965 ficum
937 3917 1090 3966 Ruminalem
1099 3916 1123 3963 hi
1132 3914 1287 3980 inventique
1295 3929 1353 3978 squs

209 4006 219 4018 ·
310 3986 387 4042 ζουσι.
424 3985 492 4049 Saepe
516 3986 581 4034 ereo
601 3987 674 4035 Siluia
695 3990 806 4053 conjunc·
856 3987 1354 4040 hibemal'iberiseosdetuleratinnlseolo

310 4060 353 4106 tim
369 4057 465 4123 legitur.
499 4059 544 4108 Sed
564 4061 675 4110 Heinsius
691 4078 720 4110 ex
738 4065 807 4112 Voss.
857 4065 999 4130 expositos.'’

309 4142 334 4181 et
352 4150 392 4181 serr
411 4132 464 4182 aliis
478 4133 524 4183 llio
540 4136 651 4200 pretulit,
662 4137 718 4201 quia
729 4146 805 4202 poete
