2806 5018
178 359 221 423 16
460 356 499 420 Ρ.
526 353 686 419 OVIDII
712 352 924 417 NASONIS

177 530 278 615 Quid
296 530 377 604 vult
393 529 520 626 palma
535 528 608 601 sibi
627 549 839 624 rugosaque
858 526 993 610 carica,
1012 525 1107 610 dixi,
1152 527 1218 597 185

227 645 278 719 Et
295 645 385 720 data
400 645 472 717 sub
490 642 598 717 niveo
616 642 779 716 eandida
796 641 910 714 mella
926 640 1048 715 cndol
1143 729 1147 737 Ι

177 765 315 849 Omen,
334 761 400 848 ait,
419 769 623 846 causaest,
642 770 763 835 utres
782 782 894 856 sapor
911 758 975 830 ille
991 764 1187 853 sequatur,

226 877 276 951 Et
292 889 450 976 peragat
467 888 635 976 ooeptum
653 876 775 949 dulcis
792 886 837 948 ut
854 896 975 946 annus
993 871 1076 946 iter.

175 993 314 1068 Dulcia
331 1017 398 1066 cur
416 994 565 1079 dentur,
583 993 714 1065 uideo:
747 989 856 1089 stipis
875 990 997 1085 adjice
1015 1009 1183 1073 causam,

224 1107 319 1182 Pars
338 1107 429 1181 mihi
447 1109 496 1182 de
514 1107 613 1181 festo
634 1130 682 1180 ne
699 1107 803 1181 labet
820 1106 896 1178 ulla
912 1114 991 1177 tuo.
1155 1104 1223 1174 190

173 1293 340 1343 Frauleuatsiu
355 1294 380 1342 in
396 1292 467 1359 Disp.
480 1293 510 1341 de
527 1307 587 1340 novo
603 1307 674 1348 anno,
726 1306 759 1348 es,
768 1290 787 1338 si
798 1290 822 1338 id
834 1289 888 1338 ideo
899 1288 989 1336 tortines
999 1286 1094 1352 pateris,
1107 1285 1165 1350 qnia
1175 1285 1223 1333 Ru·

173 1383 229 1433 cap.
241 1370 266 1417 4.
300 1370 387 1417 Earum
401 1367 515 1431 originem
531 1366 563 1414 ad
578 1366 674 1415 Tatium
724 1365 784 1413 muli
801 1379 881 1413 casam
900 1361 989 1412 nosti.’'
1018 1360 1130 1426 Dionysii
1146 1360 1223 1409 adhue

173 1454 253 1503 regern
264 1440 334 1489 refert
344 1438 481 1504 symmach.
498 1439 591 1497 Paucis,
598 1453 676 1504 panca
724 1448 797 1489 atate
806 1439 889 1488 casula
898 1437 1083 1491 sustentabatur.
1093 1450 1166 1501 quam
1175 1434 1223 1482 Ra·

173 1510 276 1569 locutus,
301 1511 406 1578 pretulit
431 1509 544 1559 Heinsius
571 1526 601 1558 ex
628 1528 675 1561 uno
726 1511 804 1560 mulus
813 1510 934 1560 etRemus
944 1518 1087 1558 stmrerant.
1105 1506 1223 1556 Archaul.

173 1586 294 1636 Macaria.
313 1600 369 1634 nem
385 1585 470 1650 reliqui
487 1584 576 1634 babent
591 1585 676 1636 Jauas.
727 1587 749 1635 l.
767 1585 843 1634 lxxvi.
862 1602 889 1650 p.
906 1585 964 1633 205.
983 1583 1041 1632 edit.
1061 1583 1146 1632 Reisk.
1178 1579 1224 1630 Sed

174 1659 206 1710 In
220 1659 305 1709 strenis
320 1667 387 1708 eraut
399 1669 511 1724 caryota,
520 1661 602 1723 palma
612 1660 675 1709 lruc·
728 1675 791 1709 nunc
802 1656 956 1722 intelligenda
966 1672 1003 1714 ea,
1014 1671 1088 1722 qnam
1099 1655 1225 1712 Romulus,

175 1741 221 1789 tus,
231 1747 288 1781 auro
295 1732 390 1793 oblite5
400 1731 530 1790 Martialis,
537 1731 586 1782 xiii.
593 1733 675 1798 Epigr.
725 1732 821 1781 condita
829 1733 880 1797 jam
894 1732 961 1787 urbe,
972 1728 1123 1778 inhabitabat
1135 1745 1189 1794 quae
1200 1736 1224 1778 et

177 1808 224 1866 27,
235 1806 286 1855 viii.
297 1808 336 1854 33.
348 1813 365 1833 “
376 1807 430 1856 Hoc
441 1806 523 1857 linitur
532 1807 607 1871 Sputo
617 1806 675 1857 Jani
724 1806 758 1855 iii.
780 1808 834 1856 133.
853 1821 907 1870 seq.
929 1812 1087 1864 memoratur;
1113 1803 1223 1852 Valerius

175 1888 274 1943 caryota
299 1879 425 1936 Kalendis,
443 1881 522 1936 Quam
548 1880 594 1928 tert
620 1896 675 1928 cum
724 1882 794 1929 Max.
806 1880 838 1927 iv.
846 1882 870 1928 4.
881 1887 897 1907 “
908 1879 953 1928 Psr
965 1878 1063 1926 Romuli
1073 1892 1222 1942 casamper·

174 1967 250 2019 paruo
267 1952 374 2002 sordidus
390 1952 555 2003 aaectienst’
589 1953 675 2012 Cadus,
725 1971 771 2019 que
788 1953 874 2002 veteris
890 1950 1003 2017 Capitolii
1018 1950 1119 1999 humilia
1132 1950 1223 1999 tental'

175 2026 308 2084 casuariis
323 2028 394 2076 rebus
408 2026 549 2093 recipiendis
562 2028 674 2087 serviens,
725 2029 801 2093 legra
821 2036 872 2076 tum
896 2043 943 2076 nou
968 2025 1079 2074 sinebant
1102 2024 1223 2072 fortuitum

173 2099 247 2150 etiam
258 2100 330 2150 melli.
359 2101 487 2156 Martialis,
499 2100 515 2150 i.
527 2103 550 2149 4.
564 2109 579 2129 “
589 2102 674 2150 Flava·
724 2118 834 2168 spernere
842 2101 955 2166 cespitem
962 2118 969 2160 3
982 2099 1096 2147 Horatius
1104 2098 1130 2146 d.
1141 2099 1160 2146 1.
1179 2098 1223 2146 Ga·

173 2189 222 2238 que
239 2174 270 2222 de
286 2175 356 2222 rubro
371 2190 477 2239 promere
494 2174 567 2223 mella
586 2174 675 2223 cado.”
722 2177 805 2238 plebat,
822 2174 880 2224 satis
895 2174 975 2240 ampla
991 2182 1043 2222 erat
1058 2171 1090 2221 ud
1107 2171 1222 2238 recipien-

174 2246 222 2294 Sed
239 2246 264 2295 in
280 2246 365 2296 suanis
380 2250 458 2294 niueas
475 2247 559 2303 cadus,
576 2249 676 2295 candida
725 2250 781 2298 dum
799 2250 939 2297 Romulum.
972 2248 1155 2312 Martigenam
1170 2250 1224 2296 dra·

173 2318 255 2374 mella,
271 2334 325 2383 quaa
345 2317 444 2384 optima.
481 2318 513 2367 Ut
528 2337 571 2375 res,
587 2329 634 2368 etc.
648 2328 676 2369 ut
725 2326 842 2389 coulgeua,
863 2325 976 2387 aurigena
1000 2329 1024 2369 et
1047 2318 1134 2369 similia
1160 2320 1223 2386 apud

174 2404 219 2447 rea,
230 2407 284 2454 qna
298 2408 340 2455 per
356 2407 444 2440 anuum
460 2391 581 2449 eveniunt,
593 2393 676 2442 duleas
725 2396 848 2444 Nostrum.
882 2395 918 2442 Ex
934 2397 995 2443 aluis
1002 2395 1131 2458 fluminum
1147 2394 1224 2443 faeere

171 2465 230 2521 siut,
242 2465 443 2530 quemadmodum
460 2467 533 2515 mella
550 2475 606 2516 suut
621 2466 674 2516 dul-
725 2477 788 2519 toros
797 2469 854 2517 olim
865 2484 981 2533 pauperes
992 2468 1110 2525 solebant,
1120 2469 1222 2516 llletam.

175 2537 223 2587 cia.
725 2543 774 2592 viii.
793 2545 851 2592 655.
873 2551 900 2591 ut
920 2541 1102 2592 Lacedremones
1122 2541 1149 2589 la
1173 2560 1223 2591 ors·

211 2613 265 2660 189.
290 2612 329 2660 De
348 2614 405 2673 stipe
426 2615 488 2660 iuter
509 2623 596 2662 strenas
619 2617 676 2663 duta
724 2615 821 2680 βάδον.
854 2616 933 2664 Serius
958 2615 982 2664 in
1005 2615 1100 2664 culcitis
1123 2615 1225 2680 plumeis

174 2684 290 2734 nonnulla
301 2684 375 2733 habet
384 2684 489 2750 Neapol.
505 2686 555 2751 Ipsi
567 2688 675 2736 Caesares
725 2689 846 2738 malebant
853 2689 947 2738 mollius
957 2688 1110 2753 requiescere.
1128 2690 1224 2745 Conler,

174 2759 248 2808 ulem
264 2759 350 2823 stipem
364 2758 525 2824 accipiebant;
542 2769 567 2809 et
580 2770 676 2812 enatant
725 2762 759 2811 iii.
773 2765 819 2812 104
828 2779 866 2827 sq.
882 2764 976 2825 Jupiter
987 2773 1096 2826 augusta,
1107 2772 1155 2812 etc.
1176 2763 1224 2812 Pu·

175 2832 255 2896 plurea
271 2830 443 2896 inscriptiones,
454 2831 542 2897 quibua
552 2834 676 2898 Augustus
725 2845 778 2886 tant
792 2836 893 2901 intelligi
903 2838 971 2887 Jovis
986 2836 1084 2885 Feretrii
1100 2837 1225 2902 templum,

175 2914 354 2954 mnumenlum
366 2921 396 2953 0¹
407 2905 476 2969 11108,
488 2919 561 2971 quam
576 2908 634 2972 Pop.
643 2908 675 2958 R.
725 2912 793 2977 cujus
804 2910 926 2975 longitudo
937 2910 975 2958 vir
988 2909 1125 2975 quindecim
1137 2911 1226 2974 pedum

175 2978 198 3029 ei
216 2979 274 3027 Kal.
285 2980 342 3028 Jan.
353 2979 488 3037 contulerit,
501 2981 605 3045 posuisse
622 2998 675 3030 nar·
724 2992 783 3040 erat,
807 2984 939 3033 secundum
965 2983 1118 3047 Dionysium,
1137 2984 1165 3031 ii.
1182 2986 1224 3032 34.

174 3061 248 3103 ratur.
282 3052 676 3120 Vid.Sueton.Aug.9l;Calig.
725 3058 807 3107 Potius
827 3058 922 3107 omnino
943 3058 988 3106 hoc
1006 3058 1073 3105 vult:
1095 3056 1225 3106 admodum

175 3127 216 3176 tt.
227 3136 252 3176 st
268 3142 321 3191 quta
339 3126 422 3176 Ursiu.
433 3126 464 3175 ad
480 3126 580 3192 priorem
598 3128 676 3176 locum
725 3131 826 3181 humilia
836 3139 861 3180 et
869 3141 969 3196 augusta
980 3131 1037 3180 olim
1048 3140 1117 3179 erant
1127 3132 1226 3196 templa.

175 3198 250 3249 dedit.
273 3199 372 3256 labant,
385 3216 438 3264 qum
451 3199 542 3249 incerta
551 3201 677 3251 fluctuant.
729 3206 771 3255 Via
787 3209 869 3262 stabat,
880 3206 899 3255 si
916 3222 963 3255 nou
980 3205 1065 3254 sedens
1082 3205 1106 3254 in
1123 3205 1228 3270 templis,

177 3273 228 3321 Tua
246 3275 336 3330 κοιιὶο,
353 3290 428 3323 mures
445 3273 536 3339 publici
554 3275 676 3324 hominum
725 3279 768 3328 aed
783 3289 849 3328 stans
860 3279 952 3328 effictus
968 3289 1038 3335 esset,
1050 3279 1089 3326 vix
1105 3286 1169 3328 sture
1185 3295 1227 3342 po·

176 3345 211 3393 tui
233 3346 289 3393 tevi.
320 3346 426 3403 Tacitus,
445 3350 510 3397 Mor.
534 3350 617 3400 Germ.
638 3351 677 3398 19.
726 3353 820 3402 tuisset.
856 3353 918 3403 Vide
935 3354 1017 3401 Burm.
1034 3351 1059 3400 in
1075 3353 1135 3401 Jove
1157 3353 1228 3416 Fulg.

175 3424 192 3447 ‘¹
204 3419 267 3474 Nec,
275 3433 424 3483 corrumpere
434 3422 592 3486 etcorrumpi,
601 3438 676 3470 secu·
726 3442 780 3492 cap.
792 3429 830 3475 14.
852 3426 1043 3491 Fletilsfalmeu.
1064 3426 1129 3485 Quin
1139 3434 1227 3476 statum

176 3490 227 3541 lum
239 3491 360 3541 vocatur.'’
394 3493 430 3540 Ea
448 3493 552 3542 moribus
565 3494 616 3558 jam
633 3494 676 3543 ha·
726 3507 777 3546 tum
798 3507 853 3547 totta
874 3500 939 3549 luere
960 3500 1059 3560 fictiles3
1082 3499 1147 3547 Plin.
1164 3500 1229 3549 lliat.

176 3563 249 3612 bendi
258 3562 393 3628 cupidinem
405 3565 551 3629 perstringit.
570 3567 677 3624 Fallunt,
727 3572 787 3620 Nat.
800 3575 848 3630 35;
865 3574 984 3630 Tibullus,
1002 3575 1023 3622 1.
1040 3591 1064 3623 x.
1077 3576 1116 3622 10.
1134 3575 1229 3625 “Tunc

175 3636 260 3686 latent.
296 3636 337 3683 Vis
354 3645 461 3700 agnete.
495 3636 573 3687 Aliter
590 3640 678 3690 Noster
727 3645 813 3694 melius
829 3655 925 3695 tenuere
941 3647 1106 3712 fidem,quum
1123 3663 1229 3712 paupers

176 3710 228 3758 lll.
240 3710 323 3759 Amor.
335 3710 385 3759 viii.
396 3712 437 3760 35.
450 3712 509 3760 “At
520 3729 594 3777 quum
605 3730 679 3778 regna
727 3719 794 3767 cultu
812 3720 896 3768 Stabat
912 3720 938 3768 in
954 3721 1041 3784 exigua
1063 3719 1156 3784 ligneus
1175 3719 1229 3768 rede

177 3798 249 3832 senex
267 3783 324 3833 coeli
342 3784 458 3833 Saturnus
473 3785 580 3842 baberet,
600 3788 678 3838 Omne
728 3792 824 3841 Deus.”
858 3793 930 3843 Adde
947 3795 1105 3859 Propertium,
1118 3793 1192 3843 1V.i.
1204 3798 1230 3844 5.

177 3856 268 3905 lucrum
290 3857 392 3906 tenebris
416 3859 467 3906 alta
492 3861 611 3924 premebat
631 3861 675 3910 ltn-
727 3866 833 3914 Gemmts.
867 3867 989 3931 Augustus
1003 3881 1052 3916 uua
1061 3867 1191 3916 donatione
1203 3869 1229 3917 in

177 3930 255 3979 mus.'’
264 3931 312 3980 Sed
321 3931 365 3981 hoc
374 3932 508 3982 locoJanua
517 3935 675 4000 propejocose
726 3939 812 3988 cellam
820 3940 888 3989 lovis
895 3941 1025 4006 Capitolini
1036 3940 1141 3990 sedecim
1151 3942 1230 3990 millia

177 4019 227 4052 rem
248 4021 330 4069 urgere
352 4006 412 4056 vult.
446 4008 485 4058 De
504 4025 558 4057 casa
578 4009 676 4059 Romuli
726 4013 1231 4079 pondoauri,gemmasqueacmnrgaritss

177 4076 246 4143 plura
259 4078 322 4143 apud
335 4079 448 4141 Veteres3
464 4082 555 4132 Seneca
567 4082 598 4132 de
611 4083 675 4132 Con·
726 4087 877 4150 quingenties
893 4089 944 4137 HS.
957 4088 1075 4149 eontulit;
1089 4089 1230 4147 Suetonius.

175 4151 251 4201 sats.
261 4167 286 4217 p.
296 4167 331 4202 m.
339 4154 379 4202 tt.
388 4159 405 4182 “
417 4155 463 4204 Na
473 4164 498 4205 tn
510 4157 590 4223 pusilli
601 4157 674 4207 animi
726 4159 792 4222 Aug.
801 4162 843 4209 30.
