2806 5018
189 358 252 423 174
469 353 508 418 Ρ.
530 353 693 419 OVIDII
716 354 928 421 NASONIS

188 529 284 614 Quae
301 527 441 613 decuit,
460 526 589 625 primis
607 528 688 601 aine
705 527 860 602 crimine
877 527 1036 603 lusimus
1054 530 1188 604 anuis:

235 643 347 716 Nunc
366 641 498 715 teritur
515 643 652 716 nostris
670 666 758 717 area
774 645 893 740 major
910 643 1034 740 equis.
1194 649 1236 717 10

183 757 370 856 Tempora
386 782 472 830 cum
490 758 627 844 causis,
648 758 846 832 annalibus
864 769 972 832 eruta
989 758 1142 858 priscis,

234 873 433 973 Lapsaque
452 874 522 945 sub
541 884 670 959 terras,
690 884 846 971 ortaque
864 874 973 970 sigua
989 898 1101 948 cano.

183 989 365 1066 Venimus
376 988 424 1062 ad
435 998 622 1086 quartum,
632 1012 708 1086 quo
718 999 758 1062 tu
769 989 1026 1076 celeberrima,
1036 1014 1224 1066 mensem:

233 1104 284 1178 Et
299 1116 434 1189 vatem,
454 1114 493 1177 et
510 1126 678 1177 mensem
696 1104 783 1190 seis,
803 1101 944 1191 Venus,
964 1128 1050 1179 esse
1069 1117 1169 1179 tuoe.

183 1220 291 1295 Mota
309 1219 537 1318 Cytheriaca
553 1219 682 1292 leviter
700 1243 784 1294 mea
801 1229 972 1319 tempora
990 1233 1118 1319 myrto
1188 1224 1227 1294 15

233 1335 421 1430 Contigit3
451 1345 501 1419 et,
520 1344 685 1431 coeptum
704 1334 855 1433 perfice,
874 1335 983 1421 dixit,
1003 1360 1114 1434 opuS.

182 1451 398 1537 Sensimus;
428 1460 466 1522 et
484 1447 608 1521 subito
626 1473 749 1522 causae
765 1460 919 1547 patuere
937 1450 1107 1526 dierum:

232 1565 334 1637 Dum
351 1563 452 1649 licet,
472 1575 510 1637 et
527 1563 671 1661 spirant
688 1564 850 1650 flamina,
871 1565 974 1639 navis
992 1576 1067 1640 eat.

182 1682 222 1754 Si
242 1703 318 1778 qua
334 1689 460 1752 tamen
478 1702 564 1777 pars
582 1688 619 1752 te
637 1679 685 1751 de
704 1678 826 1753 Fastis
843 1691 998 1776 tangere
1016 1681 1145 1768 debet,

232 1794 372 1880 Caesar,
391 1793 428 1865 in
448 1792 580 1891 Aprili,
601 1816 677 1891 quo
697 1794 873 1881 tenearis,
891 1795 1024 1869 habes.
1179 1802 1222 1868 20

176 1909 250 1985 Hie
268 1910 316 1984 ad
333 1920 371 1982 te
390 1933 526 2004 magna
543 1907 740 1982 descendit
757 1909 920 2006 imagine
937 1911 1103 2001 mensis;

230 2025 281 2100 Et
297 2025 340 2098 lit
356 2025 533 2122 adoptiva
549 2024 744 2098 nobilitate
762 2035 864 2098 tuus.

176 2293 249 2344 quam
265 2283 355 2333 trectu;
370 2274 489 2322 abstracta
504 2272 538 2322 aie
554 2273 630 2322 solent
643 2274 673 2323 de
723 2290 774 2324 eam
783 2274 853 2324 timul
864 2275 946 2340 aperit,
957 2291 1000 2324 cur
1009 2275 1104 2342 Aprilis
1120 2276 1176 2326 olim
1186 2290 1219 2324 ee-

176 2348 281 2417 peraonie
297 2346 360 2405 diei;
377 2345 487 2410 exempla
502 2346 599 2410 collegit
610 2347 673 2394 Dra·
723 2349 827 2399 cundum
837 2348 915 2398 locum
931 2348 1047 2398 hebuerit.
1082 2349 1130 2399 ffic
1141 2348 1220 2399 seriem

175 2424 249 2474 kenb.
267 2422 298 2470 ad
314 2420 408 2469 Silium.
428 2418 476 2467 xvi.
491 2420 549 2467 504.
583 2419 674 2468 Primos
722 2422 824 2472 intexuit
839 2438 922 2488 regum
937 2423 1126 2486 etTrojeuorum
1143 2431 1168 2473 et
1178 2422 1218 2471 Al·

177 2496 254 2547 euti·
274 2509 348 2543 euno·
367 2495 445 2542 dcem
464 2493 582 2556 putabunt
600 2493 673 2543 telem
722 2497 845 2545 banorum.
877 2496 1137 2546 lneueeatbisturicue
1147 2505 1173 2546 et
1187 2504 1218 2545 te-

175 2567 310 2620 lueiviam:
322 2567 436 2615 Amorum
447 2564 494 2613 111.
502 2582 541 2614 xv.
549 2567 577 2614 4:
596 2568 672 2616 “Nec
722 2570 798 2618 uniter
808 2568 916 2634 scriptus.
949 2570 1038 2630 Aprile
1044 2569 1136 2619 Veneri
1146 2585 1219 2624 secer,

177 2659 216 2692 me
229 2639 322 2689 delicie
337 2638 467 2688 dedecuere
478 2640 564 2688 mee.”
596 2639 672 2688 Hora·
722 2643 791 2707 cujus
800 2657 873 2707 nepos
884 2641 985 2699 lulum
1000 2657 1048 2707 quo
1057 2642 1173 2707 originem
1186 2658 1219 2691 re·

176 2715 232 2770 tius,
248 2714 270 2761 Ι.
286 2712 331 2778 Ep.
347 2711 395 2759 xiv.
412 2713 459 2760 36:
488 2718 505 2740 ‘⁴
518 2712 570 2761 Nec
588 2712 672 2761 lusisse
723 2718 819 2781 petebat
836 2715 903 2764 Julia
923 2731 988 2780 gens,
1005 2715 1030 2762 in
1051 2716 1121 2780 eujue
1140 2718 1217 2764 nobili·

176 2788 260 2854 pudet,
289 2785 331 2834 ted
359 2800 405 2833 non
432 2785 535 2835 incidere
562 2786 671 2836 lusum.''
723 2798 791 2836 tatem
809 2791 930 2850 adoptatus
950 2797 1001 2837 emt
1019 2788 1154 2852 Augustus,
1173 2796 1220 2854 poet

176 2863 355 2926 Openmeuum
371 2858 443 2908 etiem
458 2858 672 2909 ii.360.cumde·
721 2863 793 2911 etium
810 2863 889 2911 Ceam
905 2862 1072 2920 Germanicus,
1082 2861 1099 2910 i.
1112 2865 1151 2911 10.
1184 2862 1220 2910 lu·

175 2951 246 2985 cartu
266 2933 290 2981 in
308 2932 371 2982 circo
387 2942 515 2998 comparat,
530 2934 599 2998 cujus
617 2949 671 2998 spu·
722 2943 809 3000 terprer
818 2935 1005 2984 Gallicusillum
1020 2950 1084 2984 nunc
1095 2935 1221 3001 intelligit;

175 3010 235 3059 tium
245 3025 298 3058 areu
313 3008 416 3066 dicitur;
434 3008 485 3056 111.
496 3008 618 3064 Amumm,
631 3024 671 3055 xv.
720 3009 761 3057 aed
782 3009 869 3058 rectius
888 3009 951 3058 huuc
971 3008 1101 3074 intelliges.
1134 3009 1220 3060 censi

178 3086 216 3134 te.
238 3083 379 3147 tragaediam
400 3082 501 3131 scribere
522 3097 672 3145 uggremurue
720 3082 783 3131 enim
806 3083 949 3132 Germanico
971 3092 1046 3130 totum
1068 3098 1128 3148 opus
1153 3092 1220 3149 poete

173 3158 314 3225 penitima:
333 3157 452 3204 Pulsanda
465 3165 496 3204 ert
512 3158 601 3219 magnis
617 3171 672 3203 urea
721 3156 875 3213 consecravit,
895 3156 1053 3220 eumdemque
1077 3157 1152 3205 etiam
1174 3173 1220 3206 ver.

173 3236 246 3295 major
266 3235 336 3295 equis.
372 3229 577 3292 Tempora-eune.
611 3228 671 3276 Haec
720 3231 760 3278 ul.
771 3230 906 3294 alloquitur.
940 3231 1063 3279 Descendit
1078 3232 1219 3286 edmunde

174 3305 297 3371 repetitae
308 3301 377 3350 lib.i.
390 3304 401 3349 l
414 3317 483 3366 seqq.
720 3305 835 3370 majurum
845 3304 970 3354 deducitur
981 3305 1012 3353 ud
1029 3312 1063 3361 te,
1076 3314 1177 3370 apparet
1190 3304 1219 3354 ud

209 3380 247 3427 15.
264 3374 392 3440 Utpuellm
400 3375 671 3439 petulanteeamaturem
721 3387 745 3426 te
766 3394 860 3443 quoque
878 3379 945 3426 illum
966 3393 1072 3425 mensem
1097 3379 1220 3444 pertinere.

173 3468 198 3502 re
218 3449 274 3506 levi,
292 3464 363 3513 quam
382 3463 453 3496 mauu
470 3455 559 3504 teuent,
577 3448 671 3505 feriunt,
720 3452 827 3501 Sumtum
848 3453 892 3501 hoc
911 3453 1020 3501 vocebnl.
1037 3468 1102 3501 nunc
1118 3468 1134 3500 a
1149 3461 1218 3501 atem·

173 3527 207 3576 eie
225 3526 308 3574 Venus
328 3520 440 3569 Ovidium
462 3532 535 3584 myrto
557 3526 669 3586 contigit,·
720 3535 792 3583 mete,
810 3527 874 3591 quud
894 3543 910 3574 a
931 3526 1007 3591 primo
1026 3527 1106 3591 gentis
1124 3539 1220 3575 auctore

174 3598 215 3662 qui
231 3605 308 3644 tuctur
323 3594 370 3641 vim
388 3593 540 3644 institutionis
556 3597 669 3644 habebut.
720 3602 833 3648 descendit
851 3600 881 3648 ed
900 3610 1014 3665 posteros.
1048 3601 1077 3648 ln
1094 3609 1219 3650 stemmate

174 3672 261 3734 Neque
275 3666 335 3716 adeo
350 3676 408 3721 erat.
419 3682 460 3716 cur
475 3677 569 3733 poetam
585 3669 619 3717 ita
632 3668 668 3717 iu·
720 3674 821 3722 Caesarie
843 3689 928 3723 nomen
951 3681 1001 3722 eret
1020 3675 1129 3730 Veneria,
1149 3674 1220 3738 quod,

173 3750 281 3798 strueret,
301 3749 328 3789 ut
346 3741 430 3798 Jannn,
452 3741 494 3790 lib.
514 3743 530 3791 i.
563 3744 669 3792 Similem
720 3747 777 3812 quia
804 3747 930 3796 maximam
959 3748 1109 3796 nobilitatem
1136 3748 1219 3802 debet,

174 3814 317 3865 autemvim
336 3814 456 3863 inanimo
475 3816 669 3881 poete,Art.iii.
719 3832 789 3886 poeta
815 3838 829 3870 e
854 3837 960 3870 sermone
981 3820 1090 3870 Romm
1114 3839 1220 3887 nagan

173 3888 254 3938 Amet.
265 3889 305 3936 53.
315 3886 396 3936 tonum
407 3889 510 3939 habebat
520 3901 544 3939 et
553 3906 628 3954 grane
637 3890 668 3938 de
718 3898 838 3960 imaginem
858 3894 928 3944 dixit.
967 3894 1057 3959 Aprilis
1078 3895 1151 3958 igitur
1173 3911 1221 3960 pree

173 3963 273 4012 Veneria
284 3972 359 4026 myrto
369 3963 433 4012 datu.
718 3968 810 4018 ceteris
830 3985 899 4018 curus
920 3969 1009 4016 Caeaeri
1030 3983 1082 4017 eme
1103 3968 1220 4018 debebet.

208 4038 310 4085 itt-60.
345 4039 428 4086 Cereri
451 4038 604 4094 Germaniam,
628 4038 667 4087 cui
717 4043 765 4093 Sed
775 4043 834 4092 illud
848 4057 929 4090 carum
944 4057 996 4090 eme
1011 4042 1129 4107 expressit
1141 4043 1223 4090 verbis

173 4112 217 4161 huc
234 4128 292 4177 opus
308 4121 479 4168 consecratum,
495 4127 566 4175 supra
582 4112 598 4160 i.
615 4111 666 4160 init.
718 4119 935 4182 maganerum,
946 4132 1000 4180 qua
1011 4116 1101 4180 passim
1112 4116 1221 4166 oblecte-

172 4185 317 4238 nebilitetem
327 4185 394 4236 euim
405 4186 561 4243 commendet,
572 4194 597 4234 et
607 4202 665 4235 cau·
717 4191 786 4239 tionis
797 4191 914 4240 notionem
925 4190 1022 4238 hebent.
