2806 5018
172 372 239 438 14⁰
467 369 507 447 Ρ,
531 367 693 434 OVIDII
717 366 942 434 NASONIS

176 544 294 617 Plura
305 543 417 640 jubet
434 541 512 615 lieri
531 541 643 614 simili
657 541 790 614 caelata
806 541 943 636 figura,

126 704 132 711 -
226 656 338 731 Error
356 668 398 729 ut
415 668 504 730 aute
522 659 652 731 oculos
670 656 883 729 insidiantis
900 666 977 728 eat.

176 772 399 857 Mamurius,
419 797 564 845 morum
582 773 747 846 sabraene
765 771 935 846 exactior
952 772 1063 856 artis,

228 887 391 960 Difficile
409 899 479 972 est,
500 888 605 973 illud,
626 888 764 975 dicere,
784 887 921 960 clausit
935 909 1051 983 opus.
1162 885 1222 956 381

99 1014 104 1024 “
177 1003 251 1076 Cui
271 1003 397 1076 Numa
415 1003 625 1088 munificus,
647 1002 753 1075 Facti
772 1011 859 1100 pete
879 1000 1051 1098 praemia,
1071 999 1188 1072 dixit:

229 1118 270 1190 Si
289 1142 373 1192 mea
390 1128 479 1192 nota
496 1118 602 1205 fides,
622 1117 726 1189 irrita
743 1118 847 1189 nulla
863 1125 986 1212 petes.

176 1232 263 1306 Jam
281 1233 437 1307 dederat
457 1232 581 1319 Saliis,
601 1256 624 1304 a
641 1231 739 1303 saltu
757 1231 908 1304 nomina
924 1230 1092 1315 ducunt,

225 1347 430 1443 Armaque,
450 1357 490 1419 et
507 1346 555 1419 ad
572 1355 696 1418 certos
714 1345 828 1417 rerba
845 1343 1023 1417 cauenda
1039 1343 1185 1417 modos.

177 1461 274 1534 Tum
293 1462 347 1534 sic
367 1460 601 1534 Mamurius:
631 1459 781 1534 Merces
799 1459 890 1533 milri
908 1457 1030 1554 gloria
1046 1458 1170 1542 detur,

230 1575 469 1670 Nominaque
487 1586 657 1648 extremo
675 1575 841 1647 carmine
858 1583 990 1645 nostra
1007 1582 1161 1646 sonent.

180 1687 275 1761 Inde
294 1689 509 1762 sacerdotes
528 1691 630 1787 operi
649 1689 834 1787 promissa
849 1698 1000 1761 vetusto
1160 1682 1220 1759 391

231 1803 392 1876 Praemia
409 1786 638 1902 persolvunt,
660 1804 966 1898 Mamuriumque
982 1812 1139 1876 vocant.

181 1917 336 1994 Nubere
355 1920 386 1991 si
405 1943 481 2016 qua
497 1921 612 2004 voles,
632 1919 803 2016 quamvis
821 1906 1074 2016 properabitis
1093 1917 1210 2002 ambo,

231 2032 371 2108 Differ:
401 2035 541 2108 habent
558 2058 681 2131 parvae
699 2032 898 2106 commoda
915 2055 1057 2128 magna
1073 2056 1196 2106 more.

214 2205 271 2252 ³81.
300 2204 384 2259 Plura,
407 2203 524 2268 permulta
551 2201 680 2267 Dionysius
728 2201 860 2266 pulsarent.
893 2200 983 2248 Praeter
998 2199 1149 2250 Mamurium
1162 2198 1224 2250 uerius

181 2274 224 2323 ait.
259 2276 346 2324 Caelutu
368 2291 430 2323 nunc
452 2275 486 2323 nil
507 2277 551 2322 nisi
576 2276 679 2340 sculpta.
729 2282 755 2322 et
764 2275 863 2322 aliorum
874 2273 968 2322 uomina
981 2274 1086 2323 carmini
1100 2273 1222 2323 Saliariiu·

181 2347 324 2409 Pignoribus
348 2348 440 2412 imperii
469 2351 575 2396 temulari
599 2349 680 2413 populi
730 2357 797 2396 certa
814 2363 875 2405 asse,
894 2347 965 2395 docet
981 2346 1104 2412 Neapolis
1123 2347 1155 2397 ad
1171 2348 1223 2395 bure

182 2418 403 2468 finitimisolebant.
425 2421 681 2469 utem-mamercum
730 2420 816 2468 locum.
863 2421 966 2477 Somt5
997 2420 1106 2468 Metam.
1128 2436 1153 2471 x.
1170 2420 1221 2469 sot:

182 2501 229 2539 eut.
263 2492 303 2541 Sic
318 2493 439 2540 exornavit
449 2493 518 2549 illud,
529 2503 556 2542 ut
563 2494 613 2558 jam
623 2494 681 2542 insi·
729 2494 789 2542 ‘''l'e
811 2494 870 2558 lyra,
891 2503 915 2542 te
934 2489 1149 2543 curmiuu'uoutrn
1167 2506 1223 2542 ront-

183 2563 456 2613 diansdubiushaerear.
487 2566 559 2612 Error
568 2565 640 2613 etiam
650 2566 681 2615 de
730 2567 815 2614 bunt.”

183 2635 350 2685 incertitudine
359 2637 454 2686 dicitur.
471 2640 613 2686 Mamurium
624 2640 681 2687 Plu·
764 2640 820 2687 393.
835 2638 924 2686 Eodem
936 2646 1045 2703 tempore
1059 2649 1086 2688 et
1101 2640 1148 2690 iter
1158 2641 1223 2689 saar

184 2710 280 2758 turchos
300 2712 330 2758 ab
349 2722 399 2758 orte
418 2721 510 2760 tautum
531 2713 621 2769 laudat,
636 2716 681 2763 ἕνα
730 2712 866 2776 religiosum
887 2720 948 2760 erat.
991 2713 1060 2761 Vide
1084 2715 1188 2780 Lipsiutu
1204 2714 1224 2761 iu

182 2788 234 2834 τῶν
250 2785 334 2849 ἄκρων
353 2784 518 2851 δημιουργῶν,
535 2787 576 2834 sed
595 2806 681 2836 morum
731 2787 927 2851 Antiq.Lect.v.
943 2787 981 2833 ld.
1009 2786 1223 2837 Condiauciliadi·

184 2857 256 2907 etiam
273 2858 335 2908 fama
351 2860 454 2907 floruerit
468 2876 564 2908 necesse
580 2870 624 2909 est.
656 2862 682 2911 Is
731 2861 852 2916 rebantur,
873 2860 914 2907 ubi
942 2859 1035 2923 templo
1065 2862 1224 2910 reddebantur.

184 2933 277 2988 claust,
292 2933 400 2987 absolvit,
417 2951 479 2996 opm,
495 2933 525 2981 ad
545 2934 609 2997 quod
629 2945 682 2999 post
731 2932 829 2980 Flamen
847 2934 925 2980 Dialis
941 2932 1006 2980 solus
1024 2935 1082 2983 albo
1099 2936 1180 3000 galero
1193 2941 1226 2982 ant

185 3005 244 3055 ulios
255 3006 362 3055 accessit.
396 3006 497 3055 Murius
512 3009 596 3055 clausit
609 3008 681 3056 inter·
730 3010 793 3065 apice
812 3005 938 3068 insignitus
958 3013 1019 3061 erat,
1038 3023 1121 3071 neque
1140 3009 1189 3057 uine
1203 3021 1226 3054 eo

186 3087 301 3143 pretatur,
312 3080 343 3127 ab
357 3079 420 3127 omui
431 3089 497 3143 parte
513 3079 683 3129 rotundumle·
730 3078 819 3126 licebat
840 3078 862 3126 ei
883 3079 927 3126 sub
949 3077 990 3125 dio
1009 3081 1112 3129 vernari.
1149 3082 1227 3142 conju

185 3150 227 3207 eit,
237 3153 293 3200 orbe
308 3162 372 3201 certo
383 3152 487 3201 inclusit.
520 3152 567 3200 Sed
578 3155 685 3201 cluudm
731 3152 782 3215 ejus
789 3151 921 3199 Flaminica
930 3160 1050 3200 venenato
1061 3163 1148 3218 opertu
1158 3153 1228 3203 etrier

186 3225 257 3274 etiam
282 3227 400 3275 notionem
427 3226 563 3275 absolvendi
584 3226 682 3284 habere,
732 3223 841 3272 redimita
850 3224 969 3289 prodibat.
1002 3226 1064 3274 Erat
1078 3238 1226 3278 autenm

186 3297 256 3346 docet
273 3301 394 3348 Drakenb.
410 3299 442 3347 ad
457 3299 548 3355 Silium,
566 3300 615 3348 xiii.
626 3301 683 3348 686.
733 3308 812 3344 nutum
824 3298 922 3362 pallium
934 3298 1046 3347 flammeo
1056 3301 1147 3360 colore,
1155 3311 1179 3352 et
1188 3306 1228 3349 n'a

189 3370 297 3428 Exactis,
319 3372 443 3436 perlectus,
465 3389 528 3421 nunc
553 3373 683 3421 secuudum
734 3371 853 3432 peculiare
882 3370 969 3435 cupitis
995 3370 1133 3435 cingulum.
1175 3373 1228 3424 vide

187 3457 269 3491 cauum
280 3444 419 3508 adjunctum
431 3447 510 3494 babet.
734 3442 839 3489 Gellium
851 3443 923 3491 Noct-
934 3443 988 3490 All·
1000 3460 1025 3492 ¹·
1035 3446 1074 3493 15.
1085 3446 1169 3512 ibique
1180 3449 1229 3497 lutt.

221 3517 535 3583 387.Asultu,atripudiis‚
543 3521 683 3584 quibuscum
735 3515 797 3562 Hinc
818 3526 842 3563 et
862 3532 925 3564 nunc
945 3519 1024 3564 cincta
1046 3530 1155 3577 vocatur,
1175 3519 1230 3586 quod

189 3588 277 3636 ancilia
292 3592 427 3653 gestabunt,
444 3608 486 3656 per
502 3595 593 3641 urbem.
627 3595 684 3642 Plu.
735 3587 847 3636 Heinsius
857 3597 936 3637 tuetur
945 3589 1024 3637 verbis
1032 3586 1114 3640 Festi:
1128 3601 1145 3622 “
1153 3595 1230 3644 Cinctn

190 3660 295 3718 tarchus,
305 3660 357 3712 ἀπὸ
368 3667 414 3724 τῆς
425 3664 551 3728 ὀρχήσεως
563 3665 682 3726 aarum
734 3661 865 3710 Flaminica
884 3671 948 3711 veste
966 3664 1075 3713 veluta.’'
1111 3668 1176 3716 Nam
1196 3666 1230 3716 ulii

189 3733 328 3798 Dionysius,
345 3736 398 3786 ἀπὸ
412 3742 458 3797 τῆς
475 3740 598 3788 συντόνου
616 3740 683 3800 ruofi·
734 3745 821 3791 mucra,
833 3739 913 3797 cupitis
930 3738 1042 3785 distincto
1059 3748 1102 3788 aut
1119 3743 1232 3794 diamur.

190 3823 258 3864 σεως.
291 3808 330 3856 Ad
342 3810 405 3857 tibiae
417 3815 489 3858 modos
504 3811 587 3859 citatos
602 3814 685 3861 armati
735 3816 781 3855 etc·
801 3809 897 3857 habent·
930 3811 987 3858 Jam
1005 3811 1144 3862 Flaminica
1161 3814 1233 3863 mulfo

190 3872 317 3929 saltabant,
335 3873 405 3922 modo
423 3891 503 3922 omnes
520 3876 597 3929 simul,
617 3877 687 3925 modo
734 3880 827 3944 legibus
844 3884 977 3938 tenebatur.
990 3883 1020 3932 de
1039 3886 1131 3949 quibus
1148 3888 1234 3938 Gellius

189 3960 231 4009 per
251 3945 324 4002 vices,
343 3956 414 4011 atque
436 3951 539 3996 carmina
560 3951 686 3999 canebant.
735 3953 799 4002 dicto
810 3956 862 4004 loco
872 3965 896 4004 et
907 3956 1058 4007 Schwarzius
1074 3960 1107 4008 ad
1121 3962 1233 4018 Plinium,

188 4017 302 4067 Instructi
312 4029 380 4068 eraut
390 4020 462 4068 aeneis
475 4029 499 4067 et
509 4020 596 4067 balteis
610 4031 633 4069 et
644 4039 686 4086 ga·
735 4042 821 4091 paneg.
831 4029 921 4076 lxxxiii.
930 4033 955 4078 5.
973 4028 1003 4077 In
1015 4029 1046 4078 iis
1057 4041 1120 4090 erat,
1128 4051 1160 4084 ne
1172 4036 1236 4086 certis

189 4089 233 4138 lein
251 4100 275 4140 et
293 4094 435 4156 tegumentis
452 4093 477 4140 in
495 4101 597 4157 pectore,
615 4104 687 4159 atquo
736 4104 879 4166 temporibus
889 4111 962 4168 caput
972 4118 1087 4164 comeret,
1099 4124 1236 4175 ung-ame

191 4164 341 4229 pugionibus,
353 4166 440 4229 quibus
454 4165 584 4216 identidem
600 4170 688 4218 ancilia
735 4184 834 4233 secaret,
844 4184 891 4224 etc.
923 4177 1012 4226 Confer
1021 4177 1056 4230 iv.
1068 4182 1130 4233 226.
