2806 5018
498 750 789 817 EXCURSUS

363 994 430 1076 IN
461 995 660 1080 OVIDII
692 997 925 1081 FASTOS.

547 1252 742 1307 ...4-

437 1472 661 1531 EXCURSUS
683 1472 856 1532 PRIMUS.

154 1689 168 1729 Β
188 1688 297 1728 rasus
313 1688 476 1742 Romanum
498 1691 541 1730 ΕΤ
555 1692 597 1730 ΒΕ
612 1691 717 1731 RUJUS
730 1690 898 1743 canutum,
911 1691 994 1739 QUOD
1010 1690 1045 1731 IN
1061 1690 1103 1730 11s
1118 1688 1166 1729 tu-

257 1781 458 1824 Lus'rsssitnts
472 1784 653 1836 vultsnutm,
667 1784 814 1825 CONSILIO
829 1785 872 1824 ΕΤ
887 1784 1039 1825 RATIONE.

154 1930 422 2032 lONSILrUM,
439 1959 531 2040 quode
546 1959 577 2020 in
599 1957 657 2021 lroc
678 1957 816 2021 carmine
837 1960 1056 2042 componendo
1077 1978 1168 2041 spec·

154 2058 207 2124 uit
221 2068 255 2122 et
269 2058 407 2122 feliciter
421 2069 591 2124 exsecutus
604 2069 654 2124 est
667 2058 813 2135 Ovidius,
833 2061 928 2127 totius
944 2061 1018 2124 anni
1030 2054 1169 2124 Romani

154 2161 234 2235 trias,
251 2170 450 2244 caeterasqne
464 2161 617 2226 fastorum
638 2163 815 2228 notationes
833 2165 881 2226 ad'
895 2185 1004 2227 eorum
1026 2163 1170 2227 ordinem

154 2263 254 2328 notice
269 2264 436 2326 enarrandi
448 2272 481 2327 et
492 2265 532 2326 ad
549 2286 660 2327 causas
677 2287 749 2328 suas
765 2264 935 2329 revocandi
950 2264 1048 2349 ipsius
1063 2273 1169 2349 poetae

154 2365 256 2450 genio
271 2375 305 2427 et
319 2363 494 2429 inventioni
508 2366 552 2428 ita
567 2376 654 2429 certe
670 2366 781 2430 deberi
796 2368 932 2442 videtur,
947 2376 982 2431 nt
997 2367 1167 2442 neminem,

154 2486 222 2531 uem
245 2461 284 2531 ab
305 2467 388 2530 omui
412 2478 501 2551 parte
522 2467 684 2532 inhaere
705 2478 900 2552 praeeuntem
918 2469 1074 2544 habuerit,
1089 2470 1170 2533 indi·

154 2592 201 2634 πο
222 2591 386 2654 queamus.
432 2569 491 2636 Est
512 2569 579 2634 lraec
600 2572 631 2634 in
647 2571 858 2656 singularibus
876 2571 969 2657 hujus
984 2580 1088 2656 poetoe
1105 2572 1172 2636 lau·

154 2672 233 2747 ibus,
248 2692 340 2756 quam
365 2672 399 2735 et
420 2673 452 2736 in
475 2672 600 2736 heroica
620 2673 754 2757 epistola
773 2674 949 2749 condenda,
965 2675 1104 2738 maxime
1126 2683 1172 2738 ta·
1246 2687 1251 2695 “

154 2794 202 2838 ren
227 2774 431 2838 hauddubie
458 2773 489 2836 in
512 2773 594 2838 Arte
618 2776 780 2848 amatoria,
805 2776 891 2858 quod
915 2796 1042 2839 carmen
1066 2776 1172 2859 quoad

154 2877 320 2940 iventicnis
343 2875 470 2939 laudem
495 2876 577 2940 haud
600 2877 695 2942 facile
719 2878 774 2940 ulli
799 2879 929 2941 carmini
953 2877 1099 2942 Romano
1122 2899 1171 2941 ae·

154 2978 268 3042 undum
284 2991 343 3050 est,
361 2986 530 3041 meretur².

172 3079 329 3164 Princeps
347 3082 486 3144 omnium
508 3081 605 3165 igitur
627 3083 667 3145 de
690 3082 736 3145 liis
757 3082 846 3145 fastis
867 3081 1000 3165 quaestio
1023 3101 1094 3144 esse
1116 3079 1171 3143 de·

154 3183 227 3257 abit,
244 3192 278 3245 et
299 3192 344 3255 ut,
361 3183 510 3267 quicquid
529 3183 580 3246 vel
602 3184 671 3268 ipsa
691 3185 861 3268 antiquitas
878 3184 919 3246 de
935 3183 973 3244 iis
990 3183 1102 3256 tradat,
1122 3181 1175 3244 vel

154 3293 309 3369 agmento
330 3305 440 3348 eorum
462 3283 523 3348 huc
544 3286 619 3348 illuc
639 3295 775 3361 servata,
792 3286 936 3360 collecta,
952 3294 986 3349 et
1000 3307 1018 3349 o
1034 3282 1175 3349 tenebris

154 3388 291 3453 indicata
307 3389 483 3462 docuerint,
497 3397 645 3453 accurate
661 3400 695 3452 et
707 3390 878 3474 diligenter
892 3390 1064 3463 videamus,
1078 3409 1174 3472 quam

154 3491 274 3554 roxime
297 3491 338 3553 ad
362 3490 541 3554 institutum
565 3499 707 3554 nostrum
731 3492 886 3575 pertinet:
912 3491 1011 3573 idque
1034 3491 1176 3574 inprimis

154 3615 228 3656 uum
246 3593 276 3654 in
294 3592 417 3655 duobus
433 3593 584 3655 fastorum
603 3593 774 3677 generibus
789 3593 962 3674 (historicis
980 3600 1013 3655 et
1028 3590 1176 3656 kalenda-

154 3693 217 3757 ibus
232 3693 282 3756 vel
297 3696 411 3770 sacris)
426 3694 518 3756 valde
534 3695 664 3776 quidem
681 3694 824 3768 diversis,
840 3717 912 3778 quoe
928 3703 1034 3758 tamen
1051 3703 1178 3758 veteres

154 3797 245 3859 odem
267 3796 393 3858 nomine
415 3795 603 3878 plerumque
625 3796 793 3878 complecti
810 3796 965 3870 solebant,
982 3805 1177 3859 commutan-

154 3898 178 3960 is
204 3899 319 3961 multos
345 3898 451 3961 turbas
476 3899 602 3973 fecisse,
620 3908 653 3960 et
677 3898 720 3962 ad
744 3908 848 3962 utrum
874 3921 976 3984 genus
999 3900 1179 3983 pertineant

161 4057 174 4082 ⁸
195 4049 267 4099 Conl.
280 4049 408 4115 judicium,
426 4050 489 4115 quod
510 4049 540 4099 de
562 4050 632 4114 liujus
683 4048 726 4098 Vir
751 4066 857 4099 summus
880 4050 1011 4115 Bottr'gerus
1035 4050 1060 4097 iu
1084 4049 1177 4103 Sanno,

154 4124 244 4173 uminis
268 4124 424 4172 estimatione
449 4122 542 4186 egregie
569 4123 633 4172 tulit.
684 4139 741 4188 pag.
755 4124 794 4172 40.
