2806 5018
181 369 247 433 510

183 538 300 612 Fixus
318 537 410 609 etin
429 536 531 609 dune
548 538 714 636 carparis
732 540 876 611 viscera
892 539 1015 624 saxis,

473 366 513 430 P.
531 364 693 429 OVIDII
718 364 931 430 NASONIS

1165 538 1227 608 545

234 653 287 726 Ut
305 653 366 725 cui
385 651 533 750 Pyrrha
550 654 607 726 sui
625 653 703 726 filia
719 652 842 727 fratris
860 663 953 727 erat.

183 769 237 842 Ut
254 793 347 865 puer
366 767 602 866 Harpagides
620 769 760 842 referas
778 770 956 866 exempla
974 768 1173 868 Thyestae,

232 883 356 980 Inque
373 885 428 955 tui
446 908 566 957 caesus
584 884 728 958 viscera
745 886 861 983 patris
881 909 960 959 eas.

180 998 331 1071 Trunca
347 1021 455 1093 geras
473 1021 573 1070 saevo
591 999 772 1071 mutilatis
790 1001 963 1097 partibus
983 1022 1093 1083 ense,

232 1112 369 1196 Qualia
387 1111 604 1185 Mimnermi
621 1115 791 1187 membra
806 1113 923 1186 fuisse
940 1113 1087 1186 ferunt.
1159 1114 1220 1184 550

160 1312 164 1319 ,
181 1229 282 1303 Utve
301 1228 500 1326 Syracosio
518 1231 728 1324 praestricta
741 1229 849 1303 sauce
866 1239 1006 1327 poetae,

232 1343 295 1417 Sic
314 1343 446 1416 animae
463 1343 599 1440 laqueo
619 1344 668 1417 sit
683 1344 744 1417 via
758 1345 889 1416 clausa
905 1354 997 1416 tuae.

181 1457 340 1533 Nudave
356 1457 515 1555 derepta
532 1468 687 1555 pateant
703 1471 768 1532 tua
785 1459 929 1531 viscera
945 1458 1066 1556 pelle,

231 1572 286 1645 Ut
303 1572 510 1670 Phrygium
529 1574 637 1667 cujus
655 1574 807 1646 nomina
823 1572 966 1646 flumen
985 1574 1120 1647 habet.

181 1688 355 1761 Saxificae
372 1687 500 1759 videas
518 1686 646 1760 infelix
664 1711 728 1760 ora
747 1687 930 1773 Medusae,

1156 1688 1217 1759 555

230 1801 456 1899 Cephenum
473 1801 611 1873 multos
630 1824 715 1898 quae
733 1801 839 1875 dedit
856 1825 933 1874 una
951 1804 1054 1877 neci.

179 1917 409 1992 Potniadum
426 1938 572 1989 morsus
590 1916 738 2002 subeas,
757 1928 799 1989 ut
814 1916 1000 2004 Glaucus,
1019 1940 1214 2016 equarum

230 2031 353 2130 Inque
370 2030 482 2104 maris
500 2030 624 2116 salias,
646 2031 814 2104 Glaucus
832 2042 877 2104 ut
892 2032 1001 2118 alter,
1022 2058 1156 2131 aquas.

180 2147 311 2245 thue
329 2145 477 2219 duobus
495 2145 596 2218 idem
613 2147 725 2220 dictis
744 2147 855 2219 modo
874 2171 1012 2221 nomen
1033 2146 1195 2229 habenti,

229 2262 443 2336 Praefocent
460 2262 593 2334 animae
609 2262 753 2336 Gnosia
769 2262 882 2335 mella
899 2261 1012 2336 viam.

177 2581 242 2615 nunc
254 2564 339 2628 agitur,
346 2565 371 2611 in
385 2563 453 2626 cujus
466 2578 507 2627 per
522 2563 612 2612 bortum
625 2579 675 2612 am·

177 2638 282 2688 balantis
297 2637 376 2701 capite
393 2651 478 2698 agmen
495 2650 565 2700 apum
579 2636 674 2694 insedit,

177 2712 240 2778 quod
262 2726 335 2775 quum
356 2709 475 2774 expellere
492 2709 573 2766 vellet,
591 2726 672 2759 eorum

178 2785 267 2835 aculeis
278 2784 328 2832 acie
336 2783 456 2831 oculorum
465 2781 552 2831 dicitnr
559 2785 671 2848 privatus,

177 2869 204 2908 ut
214 2857 286 2907 tradit
297 2866 364 2904 vetus
375 2856 496 2921 interpres.
513 2858 574 2906 an.

209 2935 266 2981 545.
290 2930 360 2977 Fisus
380 2941 402 2977 et
420 2933 446 2977 ia
466 2930 552 2992 daria]
578 2931 671 2979 Prome·

175 3002 672 3069 tbeus,quilmtmmbabuitFpimetbeum,

176 3096 206 3128 ex
218 3095 265 3143 quo
276 3077 365 3140 Pyrrha
377 3087 440 3124 nata.

209 3154 266 3200 549.
287 3150 403 3212 Trunca]
417 3151 554 3205 Mamertes,
563 3159 589 3198 ut
599 3149 671 3213 scrip-

175 3233 257 3274 serunt
267 3223 374 3287 quidam,
388 3223 518 3286 Mycernus
528 3222 672 3285 Sysapbonis

176 3298 292 3347 Corinthii
312 3298 391 3352 trater,
410 3313 482 3361 quum
502 3298 578 3344 fratris
597 3296 671 3344 filium

160 3371 267 3436 imperii
289 3370 420 3433 cupiditate
439 3377 556 3425 necasset,
572 3385 586 3417 a
601 3371 671 3433 Sysa-

175 3446 252 3511 phone
263 3446 411 3493 membratim
419 3454 455 3492 est
465 3444 590 3492 laceratus.
601 3444 672 3491 Dosr.

207 3521 265 3567 551.
287 3519 345 3566 Utve
366 3518 494 3580 Syracusio,
516 3516 577 3578 ete]
600 3517 670 3579 Syra·

175 3593 255 3641 cusius
268 3601 338 3656 poeta
348 3591 504 3654 Empedocles
515 3598 559 3644 est,
570 3587 671 3653 pbiloso-

173 3665 236 3729 pbus
253 3673 277 3711 et
295 3673 380 3727 poetn·,
400 3663 454 3710 vide
472 3663 556 3710 llorat.
572 3662 602 3709 de
619 3662 672 3710 Art.

174 3745 238 3800 poet.
257 3742 271 3761 ‘¹
284 3736 351 3782 Deus
363 3735 501 3783 immortalis
513 3735 594 3783 baberi
605 3736 670 3782 Dum

174 3809 240 3873 cupit
259 3809 441 3871 Empedocles,”
456 3819 502 3857 etc.
536 3809 568 3855 V.
582 3808 669 3856 Anna.

174 3882 302 3944 Syracusio.
319 3881 435 3942 Syracosio
450 3882 498 3928 dixi
515 3882 574 3928 libro
586 3898 610 3929 ν.
621 3897 671 3929 rer.

172 3957 229 4005 277.
241 3956 371 4002 Fastorum.
390 3954 480 4001 Huius.

206 4031 262 4077 553.
276 4028 381 4081 badam,
392 4026 451 4089 ete]
463 4029 582 4090 Marsyas,
595 4027 670 4076 rictus

173 4104 274 4158 Pboebo,
294 4101 356 4166 pelle
376 4110 470 4155 exutus,
492 4115 577 4147 nomen
598 4101 669 4150 fluvio

172 4176 247 4234 dedit,
259 4177 289 4225 de
299 4192 346 4239 quo
356 4191 434 4240 snpra.
454 4175 525 4224 Doni.
656 4184 659 4189 ’

1153 2266 1217 2336 560

759 2569 815 2617 555.
832 2567 933 2630 Sorrflce
950 2567 1051 2631 umas]
1075 2567 1180 2621 Perseus,
1193 2562 1218 2612 5-

725 2641 808 2688 bersta
842 2639 1003 2696 Andromeda,
1037 2655 1096 2688 cum
1135 2637 1216 2686 Pbiast

724 2714 842 2772 certarit;
874 2721 902 2761 ut
926 2712 1031 2761 Ovidius
1066 2713 1091 2761 in
1124 2712 1215 2759 Metam.

723 2786 765 2834 lib.
779 2804 802 2835 r.

756 2861 813 2909 557.
832 2861 970 2907 Potniadum
987 2860 1101 2923 morsm]
1119 2859 1217 2908 Glaucia

724 2949 737 2980 e
748 2933 834 2981 Potula
845 2933 951 2987 civitate,
962 2948 1038 2997 quum
1051 2933 1150 2981 Veneris
1159 2947 1218 2980 sacra

723 3015 851 3069 sperneret,
868 3005 916 3053 snis
931 3006 1042 3069 equabus
1062 3021 1077 3053 a
1093 3007 1146 3053 Dea
1161 3007 1217 3053 farer

723 3078 840 3126 immissus
850 3087 885 3126 est
894 3096 899 3125 :
918 3094 932 3125 a
943 3079 1118 3143 quibusquam
1129 3079 1216 3127 seberc·

723 3161 770 3204 tur,
782 3151 897 3199 morsibus
907 3159 944 3198 est
954 3150 1110 3207 dilaceratus,
1120 3162 1146 3201 nt
1156 3152 1215 3214 Virg.

722 3224 746 3271 in
757 3223 790 3270 iii.
801 3224 888 3286 Georg.
899 3222 979 3277 docet,
991 3226 1043 3272 267
1054 3241 1108 3289 sqq.

754 3299 809 3345 558.
828 3296 901 3358 laqus
914 3301 985 3344 maris
1001 3300 1095 3361 salsa]
1115 3299 1214 3348 Glaucus

722 3369 742 3416 is
758 3370 858 3432 piscator
874 3368 984 3417 ardenter
996 3371 1106 3434 Scyllam
1123 3373 1212 3424 amarit,

722 3442 763 3505 qui
773 3442 798 3490 in
807 3442 913 3490 Euboica
922 3442 1025 3491 Ardone
1037 3444 1110 3493 berbs
1120 3445 1214 3509 quadam

721 3525 824 3578 gustata,
845 3515 978 3564 incredibili
1001 3517 1138 3582 cupiditate
1156 3518 1214 3567 seia

723 3604 785 3636 mare
793 3589 899 3653 projecit,
906 3597 931 3636 et
937 3604 953 3636 a
962 3589 1080 3653 Neptuno
1086 3591 1214 3655 caterisque

721 3661 776 3709 Diis
784 3662 878 3710 marinis
887 3662 955 3710 Deus
962 3661 1067 3712 effectus
1076 3674 1121 3721 est,
1129 3676 1213 3713 anctum

722 3734 793 3782 Ovid.
804 3735 828 3782 in
840 3735 893 3783 Met
904 3735 953 3783 xiv.

753 3809 809 3856 559.
833 3807 906 3869 thue
928 3810 1016 3855 duobus
1045 3809 1127 3872 ideas]
1152 3808 1213 3857 Alius

720 3879 817 3944 quidam
829 3880 943 3935 Glaucus,
955 3881 1081 3931 Cretensis
1091 3886 1157 3945 (nam
1168 3882 1213 3947 pln-

721 3969 757 4000 res
769 3953 856 4001 Glauci
873 3952 990 4013 luemnt,)
1007 3957 1040 4003 ob
1058 3956 1176 4005 lasciviam
1191 3954 1211 4000 in

720 4027 792 4074 filiam
806 4036 922 4075 venenato
938 4027 1011 4076 melle
1027 4030 1158 4078 exstinctus
1170 4036 1214 4083 ειη

720 4101 774 4148 ride
783 4101 915 4163 Hyginum,
928 4103 990 4150 Fsb.
1004 4103 1063 4151 135
