2806 5018
305 338 327 402 2
596 333 634 398 P.
660 331 822 398 OVIDII
849 330 1058 397 NASONIS

306 509 506 605 Officiique
525 508 645 582 levem
663 531 737 579 non
756 517 947 580 aversatus
965 505 1156 591 honorem,
1326 506 1347 575 5

356 623 402 696 ln
420 623 488 698 tibi
506 624 640 696 devoto
657 645 812 694 munere
829 621 964 693 dexter
981 620 1085 692 aden.

307 735 424 811 Sacra
441 761 687 836 recognosces
706 735 918 809 Annalibus
936 746 1044 808 eruta
1061 732 1194 833 priscis
1208 762 1217 823 ;

358 853 408 927 Et
422 879 497 952 quo
516 855 566 927 sit
582 854 715 927 merito
734 838 897 951 quaeque
915 862 1044 926 notata
1061 853 1155 925 dies

289 1051 292 1056 ,
306 971 481 1044 Invenies
499 971 574 1043 illic
593 981 632 1043 et
649 969 748 1045 festa
763 969 970 1043 domestica
987 968 1092 1042 vobis
1106 993 1113 1040 :

358 1087 469 1184 Saepe
488 1087 554 1159 tibi
573 1097 682 1184 pater
700 1097 769 1175 est,
789 1109 891 1184 saepe
909 1084 1090 1181 legendus
1109 1106 1222 1156 avus:
1305 1085 1349 1152 10

306 1200 477 1299 Quaeque
495 1201 619 1276 ierunt
635 1203 687 1274 illi
708 1203 827 1301 pictos
846 1201 1032 1298 signantia
1051 1200 1198 1286 Festos,

355 1317 411 1392 Tu
431 1342 583 1415 quoque
600 1341 687 1390 curn
707 1316 832 1390 Druso
850 1317 1003 1414 praemia
1020 1315 1131 1389 fratre
1149 1314 1259 1387 feres.

306 1589 379 1650 aitque
385 1605 394 1645 ,-
410 1594 434 1633 et
443 1588 517 1634 adesse
528 1590 553 1634 in
567 1588 645 1649 aliqum
655 1603 681 1634 re
691 1595 755 1636 recte
764 1585 801 1634 di·
852 1585 1015 1634 memorabiles
1026 1584 1221 1634 adscribebantur
1231 1581 1256 1630 in
1266 1580 1350 1631 Fastis.

305 1661 374 1711 citur.
406 1661 454 1710 Sed
471 1661 604 1709 Mitscherl.
615 1662 733 1709 revocavit
751 1660 801 1709 vul·
851 1661 974 1708 Summum
983 1660 1092 1709 honorem
1102 1659 1215 1707 afferebat
1223 1674 1310 1709 nomen
1318 1660 1350 1707 sic

304 1743 396 1798 getam:
408 1734 663 1798 Qfficioqrre,teoemnon
671 1737 803 1782 aduersatus
852 1734 975 1794 additum3
992 1734 1085 1789 Cicero,
1096 1733 1128 1782 ad
1144 1735 1212 1783 Brut.
1222 1734 1294 1800 epist.
1306 1737 1351 1793 lb:

305 1809 417 1864 immam,
432 1808 496 1857 Huic
505 1810 547 1856 tibi
560 1810 638 1856 denoto
647 1809 802 1856 naminedec-
851 1808 958 1864 Tacitus,
973 1806 990 1857 i.
1001 1806 1049 1856 An.
1063 1808 1100 1856 15.
1134 1807 1190 1857 vid.
1201 1807 1303 1858 Woldut
1319 1810 1348 1858 ad

305 1892 341 1929 ter
350 1884 412 1938 ades,
422 1891 449 1930 ut
459 1881 615 1931 Gennanicus
625 1881 648 1930 vi
659 1897 702 1930 aua
711 1890 736 1931 et
745 1890 803 1930 nutu
852 1882 991 1932 Suetonium
1003 1881 1082 1931 Tuber.
1093 1882 1118 1930 4.
1129 1899 1155 1947 p.
1166 1883 1225 1931 319.
1258 1883 1290 1931 In
1303 1883 1349 1948 pri·

305 1956 382 2004 officio
396 1965 471 2020 poetae
482 1955 526 2024 ipsi
539 1954 625 2005 devoto
638 1956 721 2005 adesse
734 1970 801 2020 roge·
852 1958 897 2006 mis
908 1956 1010 2022 Augusti
1021 1973 1057 2005 res
1067 1965 1148 2020 gesta,
1159 1956 1259 2005 honores
1273 1957 1296 2005 ei
1306 1957 1348 2007 ds·

306 2038 353 2080 tur.
508 2028 511 2034 ’
852 2030 918 2087 creti,
935 2046 981 2079 arn
999 2029 1081 2098 positae
1098 2032 1349 2080 commemorabantur.

338 2106 362 2154 7.
380 2107 489 2163 Annales,
503 2103 562 2155 dicti
578 2113 603 2153 et
619 2103 664 2170 ipsi
679 2101 754 2160 Fasti,
771 2102 804 2151 ad
852 2105 916 2154 Hinc
932 2105 1052 2161 Horatius.
1069 2103 1112 2152 lib.
1128 2103 1160 2152 iu.
1174 2104 1222 2152 Od.
1239 2106 1279 2153 14.
1296 2105 1349 2154 init.

306 2179 413 2228 ordinem
431 2179 522 2229 dierum
539 2179 563 2226 in
574 2179 652 2226 Pastis
661 2174 802 2225 Kalendari·
853 2185 871 2206 “
883 2179 944 2235 Qua
961 2193 1018 2226 cura
1036 2176 1141 2232 Patrum,
1151 2193 1253 2242 quaeque
1271 2179 1351 2236 Quiri-

305 2252 351 2299 bus
357 2251 498 2308 stabilitum,
508 2267 544 2298 res
556 2252 583 2297 P.
592 2251 624 2297 R.
631 2250 730 2313 singulis
737 2250 805 2296 annis
853 2249 922 2304 tium,
930 2249 1010 2297 Plenis
1018 2250 1132 2298 honorum
1139 2251 1283 2307 muneribus,
1290 2262 1351 2306 tuas,

305 2331 386 2387 gestas
399 2325 494 2374 uberius
510 2325 659 2379 enarrabant,
672 2332 744 2387 atque
760 2338 803 2370 no-
853 2323 970 2387 Auguste,
981 2325 1079 2372 virtutes
1089 2323 1114 2371 in
1125 2340 1202 2372 nrum
1214 2325 1260 2373 Per
1269 2326 1351 2375 titulos

305 2397 371 2446 mina
391 2398 568 2462 magistratuum
585 2397 713 2445 habebant.
745 2396 804 2444 Ovi·
854 2413 1016 2462 memoresque
1031 2397 1103 2446 fastos
1121 2399 1254 2448 AEtamet.”
1287 2400 1350 2448 llino

306 2471 499 2522 diusFastossibi
506 2468 805 2520 Kalendaresexomandos
854 2469 961 2534 intelligo
980 2486 1034 2535 sqq.
1044 2481 1111 2532 pater
1127 2487 1192 2520 avar.
1225 2471 1352 2521 Germani-

306 2547 398 2608 sumsit,
414 2545 458 2594 sed
478 2544 593 2594 adhibitis
614 2544 687 2593 etiam
704 2546 803 2593 Annali·
853 2561 904 2601 cus,
916 2545 988 2594 Drusi
1006 2555 1031 2593 et
1041 2544 1150 2594 Antonin
1166 2544 1262 2594 minoris
1277 2547 1350 2602 filius,

306 2620 354 2670 lus.
372 2619 433 2668 Inde
441 2619 496 2684 jura
505 2620 709 2683 cognoscebantur
720 2619 804 2672 Horat.
854 2621 948 2669 volente
959 2620 1076 2683 Augusto,
1085 2619 1211 2684 adoptatus
1220 2629 1272 2670 erat
1286 2638 1302 2670 a
1310 2622 1351 2669 Ti·

306 2693 329 2740 1.
338 2693 415 2742 Serm.
427 2691 486 2742 tina
492 2710 500 2752 ;
516 2692 623 2757 gentium
634 2691 743 2741 nobilitas
751 2691 804 2741 Cic·
853 2693 927 2749 berio,
946 2694 1014 2758 cujus
1031 2693 1093 2742 filius
1110 2692 1224 2742 naturalis
1241 2695 1350 2754 Bruttus,-

305 2765 371 2817 Mur.
386 2768 429 2826 16;
447 2765 546 2814 honores
559 2765 660 2814 virorum
677 2764 803 2813 illustrium
853 2768 958 2825 Tacitus,
970 2769 1019 2817 An.
1030 2766 1048 2816 i.
1059 2770 1083 2816 3.
1116 2768 1155 2816 De
1169 2785 1210 2815 avo
1227 2768 1281 2818 ride
1298 2788 1319 2818 v.
1329 2787 1352 2821 c.

307 2842 389 2891 Valet.
399 2838 503 2887 Maxim.
515 2838 561 2887 VL
574 2837 606 2886 ix.
620 2840 656 2888 14.
667 2847 692 2887 et
707 2836 803 2888 similia.
854 2841 870 2890 i.
886 2843 935 2890 590
951 2858 1008 2906 sqq;
1035 2843 1098 2902 709,
1118 2841 1298 2902 tullo-144,
1317 2845 1353 2896 iii.

306 2914 346 2965 Da
363 2913 409 2962 fide
425 2927 506 2960 aarum
522 2910 577 2960 vida
593 2909 802 2959 Perizonindni-
854 2916 916 2976 4193
933 2916 1039 2964 indta:
1063 2915 1094 2963 de
1109 2927 1175 2977 patre
1192 2915 1210 2963 i.
1222 2918 1270 2964 617
1289 2935 1334 2983 sqq
1344 2938 1352 2980 3

304 2985 558 3051 madr.hist.p.29³.
586 2986 666 3034 Verba
677 2986 805 3034 numium
854 2989 902 3037 705
917 3004 980 3053 aqq;
1008 2988 1034 3036 ii.
1052 2991 1092 3038 55.
1109 2996 1134 3036 et
1152 2988 1219 3038 alibi.
1252 2991 1352 3054 signant

305 3071 373 3111 eruta
381 3065 463 3124 prucis
473 3061 505 3109 iv.
518 3061 557 3107 ll.
569 3059 669 3125 repetita
682 3060 803 3123 leguntur.
845 3063 986 3128 satorque
1002 3061 1027 3110 in
1044 3062 1073 3111 iis
1082 3063 1170 3127 scripta
1179 3072 1244 3112 sunt.
1278 3066 1317 3115 Ita
1328 3077 1352 3115 et

306 3137 374 3185 Bene
392 3146 475 3194 trata,-
501 3132 526 3182 in
543 3134 677 3183 Annalibus
693 3133 756 3183 enim
774 3150 804 3184 ex
852 3140 944 3203 signam
964 3155 1043 3186 suanm
1063 3146 1088 3185 et
1109 3137 1165 3185 alia.
1198 3141 1351 3203 Quamquam

306 3225 394 3273 magno
406 3224 484 3258 rerum
492 3208 607 3258 variarum
619 3205 805 3273 acervosingnla
852 3214 944 3276 signare
957 3211 1028 3261 etiam
1044 3218 1081 3260 est
1096 3210 1216 3275 insignire,
1232 3212 1353 3264 decorare.

306 3281 557 3345 conquirendum
589 3280 804 3346 laqueetcnero
854 3286 1163 3339 viromandensium
1182 3289 1352 3354 v.Ep.i.11.

307 3354 372 3403 (licto
383 3354 452 3402 loco:
470 3360 486 3382 ‘⁴
499 3356 535 3402 Ex
545 3355 675 3405 Annalium
685 3364 802 3405 vetustate
853 3362 944 3412 Passim
961 3363 1069 3411 delestis
1086 3362 1130 3410 hoc
1141 3364 1240 3411 verbnm
1258 3364 1352 3428 legium

307 3425 412 3477 eruenda
420 3435 458 3475 eat
467 3427 578 3475 memoria
588 3427 717 3478 nobilitatis
728 3430 802 3478 tuae.''
852 3448 879 3497 na
888 3437 914 3486 iit
923 3439 953 3496 ῖς
970 3436 1125 3494 Claudianus,
1138 3439 1161 3485 5.
1175 3439 1228 3486 154.
1240 3438 1270 3486 de
1279 3455 1353 3505 puero

307 3503 362 3561 Quo
370 3501 423 3550 loeo
432 3500 735 3552 confirmaturumutlecuo
743 3507 802 3566 pris·
852 3511 883 3561 ad
904 3510 1051 3559 consulatum
1072 3520 1164 3567 evecto,
1182 3515 1260 3576 rigna,
1280 3518 1353 3574 praeto

306 3578 347 3633 eis,
358 3590 401 3639 pro
411 3590 460 3638 qua
468 3573 516 3623 duo
526 3575 590 3624 MSS
598 3579 684 3638 primis.
716 3579 764 3628 Sed
779 3587 803 3629 et
852 3587 915 3634 modo
930 3588 1019 3633 nonina
1028 3584 1114 3648 fastos.
1149 3585 1195 3633 Pro
1211 3601 1240 3634 eo
1250 3586 1353 3643 Plinius,

306 3647 389 3715 Livias
398 3647 549 3709 iul-primos
560 3650 659 3700 Anasta
668 3651 736 3702 dixit.
754 3655 804 3708 Quo
853 3660 1023 3727 paneg-dm.
1033 3659 1113 3706 Honor
1122 3669 1219 3707 aternus
1228 3664 1352 3711 annalium

306 3724 335 3769 u‘t
347 3724 492 3780 meritaetc.
504 3738 577 3787 quare
592 3725 642 3775 dies
653 3727 803 3793 quaquevel
854 3745 876 3784 ta
895 3735 957 3782 colit.
991 3732 1065 3789 Fasti,
1084 3740 1111 3782 ut
1130 3733 1171 3782 alii
1192 3733 1255 3792 libri,
1275 3739 1354 3800 pingi,

307 3803 334 3845 ut
344 3793 414 3852 testa,
425 3796 463 3846 val
474 3805 501 3846 ut
509 3799 611 3862 profesta
618 3800 648 3850 sit
658 3810 748 3852 notata.
853 3806 924 3857 variis
932 3805 1048 3855 coloribus
1057 3805 1143 3862 ornari,
1152 3808 1267 3857 solebant.
1296 3810 1352 3859 For-

340 3869 366 3919 9.
376 3868 443 3919 Gens
449 3885 550 3947 quaqua
561 3882 586 3923 et
596 3875 687 3926 familia
694 3877 804 3926 &mana
853 3890 915 3932 tana
933 3887 1013 3928 tamea
1029 3895 1093 3929 nunc
1110 3880 1183 3929 iidem
1200 3882 1352 3945 intelligendi

308 3941 420 4026 babebat,
438 3954 464 3995 ut
483 3946 583 3999 Penates
601 3951 720 4017 Laresqua
737 3967 803 4007 suos,
853 3955 895 4020 qui
912 3969 927 4003 a
944 3953 1051 4003 Martiali
1068 3955 1101 4004 xi.
1116 3956 1140 4003 t.
1154 3960 1267 4018 perparca·
1286 3957 1353 4006 Fasti

307 4024 342 4067 tta
355 4027 380 4066 at
393 4021 510 4072 donnatica
523 4040 597 4083 anem,
608 4042 661 4091 quaa
679 4024 805 4091 quotannis
853 4035 975 4085 vocantur,
982 4036 1007 4077 et
1017 4027 1041 4077 in
1051 4030 1066 4078 J
1070 4029 1109 4077 aui
1119 4028 1171 4078 arde
1181 4031 1353 4091 servabantur5

307 4093 454 4159 prolamilin
463 4098 539 4150 salute
549 4101 646 4159 fiebant,
654 4111 726 4167 atque
737 4101 803 4150 hare·
853 4103 1008 4158 Schwaraius,
1026 4102 1056 4151 ad
1074 4101 1188 4162 Plinium,
1206 4119 1292 4169 paneg.
1309 4105 1353 4156 92.

308 4167 384 4218 ditate
393 4169 553 4227 tradebantur.
585 4175 805 4227 Diabasteatisres
854 4176 1156 4229 Mitscherl.babetdr'etos.
