2806 5018
179 355 245 422 lffl
469 354 508 420 P.
531 352 694 421 0less
716 352 930 421 NASONIS

179 527 343 626 Quoque
360 526 472 601 modo
490 529 610 624 possit
626 526 769 602 fulmen
786 529 992 602 monstrate
1008 526 1118 626 piari.

229 644 294 717 Sic
315 642 460 729 Numa;
490 641 545 716 sic
562 643 738 739 quatiens
756 666 897 717 cornua
914 641 1069 717 Faunus
1086 642 1161 718 ait:

178 758 322 855 Magna
335 757 458 856 petis:
486 781 557 832 nec
574 782 660 855 quae
679 758 823 832 monitu
840 757 911 831 tibi
930 757 1081 833 discere
1098 767 1218 832 nostro

228 874 302 948 Fas
320 875 390 948 sit:
421 873 562 947 habent
579 874 674 948 fines
694 874 847 946 numina
863 884 991 947 nostra
1008 898 1113 949 suos.

178 990 228 1064 Dl
245 1014 375 1063 sumus
392 1000 574 1087 agrestes,
594 1001 634 1063 et
650 990 716 1087 qui
733 989 969 1064 dominemur
985 989 1023 1063 in
1042 989 1132 1063 altis
1152 992 1217 1062 315

227 1105 445 1180 Montibus:
474 1105 669 1179 arbitrium
686 1117 746 1179 est
763 1104 802 1177 in
820 1128 890 1177 sua
907 1105 984 1179 tela
999 1104 1101 1179 Jovi.
1204 1143 1209 1164 ι

176 1219 290 1295 Hunc
307 1232 349 1294 tu
367 1244 442 1293 non
460 1221 602 1318 poteris
618 1245 687 1318 per
703 1231 742 1294 te
760 1221 948 1294 deducere
965 1220 1085 1294 coelo:

225 1336 279 1409 At
296 1336 435 1435 poteris
452 1346 581 1411 nostra
597 1336 751 1411 forsitan
770 1361 860 1409 usus
879 1360 964 1434 ope.

176 1451 338 1525 Dixerat
354 1452 434 1524 haec
454 1450 626 1526 Faunus:
656 1476 724 1550 par
741 1464 801 1526 est
817 1449 1003 1525 sententia
1020 1449 1121 1524 Pici.

226 1565 348 1639 Deme
365 1577 492 1639 tamen
510 1560 618 1639 nobis
634 1567 796 1653 vincula,
815 1566 933 1640 Picus
951 1566 1016 1639 ait.
1152 1569 1219 1638 320

175 1681 326 1780 Jupiter
342 1682 417 1754 huc
432 1681 569 1770 veniet,
589 1683 713 1756 valida
729 1683 917 1756 deductus
935 1683 983 1755 ab
1002 1691 1107 1756 arte:

227 1795 368 1870 Nubila
385 1797 557 1894 promissi
578 1798 676 1897 Styx
694 1797 784 1871 mihi
802 1798 911 1871 testis
929 1797 1012 1871 erit.

153 1978 157 1990 .
175 1911 316 1987 Emissi
333 1912 426 2009 quid
444 1923 558 2009 agant
575 1915 734 2011 laqueis,
753 1938 839 2012 quae
856 1913 1022 1987 carmina
1039 1912 1181 1999 dicant,

226 2026 388 2126 Quaque
406 2029 557 2102 trahant
574 2029 892 2128 superissedibus
911 2040 991 2102 arte
1008 2025 1159 2113 Jovem,

175 2144 281 2219 Scire
298 2144 403 2219 nefas
421 2145 581 2218 homini:
611 2146 718 2219 nobis
735 2167 917 2218 concessa
932 2152 1133 2230 canantur,
1151 2144 1219 2214 325

225 2259 398 2357 Quaeque
415 2260 478 2356 pio
495 2260 570 2333 dici
588 2261 684 2334 vatis
703 2260 750 2333 ab
769 2283 832 2333 ore
849 2258 952 2332 licet.

174 2373 344 2447 Eliciunt
359 2375 455 2446 coelo
472 2385 523 2461 te,
542 2373 704 2473 Jupiter,
724 2376 824 2448 unde
842 2375 1004 2448 minores

226 2485 339 2561 Nunc
363 2513 515 2586 quoque
533 2499 571 2563 te
588 2491 792 2578 celebrant,
816 2487 1056 2584 Eliciumque
1073 2496 1219 2560 vocant.

207 2703 263 2751 ³12.
280 2701 410 2750 Concussio
425 2702 510 2766 capitis
530 2720 592 2752 nunc
609 2704 670 2752 diiii·
753 2704 801 2751 ³2³
812 2717 866 2767 sqq.
880 2703 985 2749 Excusat
996 2716 1021 2749 sc
1032 2698 1146 2757 Ovidius,
1157 2696 1218 2762 quod

173 2777 287 2824 cultatem
303 2775 335 2823 rei
348 2776 472 2838 propositae
490 2777 588 2826 indicat.
622 2779 671 2828 Nee
721 2793 768 2825 non
783 2786 886 2831 enarrat,
901 2774 958 2840 quid
972 2773 1014 2821 Dii
1030 2773 1066 2821 illi
1083 2773 1185 2836 egerint,
1197 2780 1222 2819 ut

173 2868 222 2916 que
240 2853 337 2905 monita,
354 2857 400 2898 etc.
417 2850 573 2900 Tradiderant
591 2862 671 2901 tamen
721 2851 823 2900 iussa.
859 2851 970 2898 Carmina
982 2849 1063 2912 Neap.
1075 2847 1144 2896 intel.
1155 2846 1223 2895 rerba

173 2923 672 2989 nonnulli,didicissehancprocurationem
722 2924 852 2980 Pontificis,
874 2939 949 2987 quum
975 2920 1078 2969 fulmina
1097 2920 1224 2970 condebat.

175 3001 280 3050 Numam
287 2999 318 3047 ab
329 2997 394 3063 ipsis.
412 2998 474 3048 Vide
486 2999 607 3047 Plutarch.
619 3000 671 3048 Nu·
722 2999 798 3047 Immo
806 2994 1080 3047 formulaincautationis
1086 2992 1223 3059 cogitanda,

174 3078 237 3123 ssim
254 3082 338 3128 nostra,
357 3071 402 3127 ris,
421 3080 526 3136 potestas
541 3081 620 3121 nostra
636 3072 672 3120 di·
723 3088 771 3136 qua
790 3072 825 3120 illi
845 3074 931 3121 Jovem
952 3070 1097 3129 eliciebant3
1120 3069 1149 3117 ii.
1169 3069 1224 3116 426.

174 3147 239 3197 vina.
258 3149 330 3198 Haase
342 3158 421 3195 turon
431 3152 523 3209 poteria
534 3156 580 3196 etc.
600 3147 670 3212 Apud
723 3148 761 3196 De
781 3147 880 3195 formula
898 3150 955 3194 scire
975 3145 1048 3209 atejus,
1064 3144 1095 3192 de
1114 3144 1152 3199 iis,
1170 3158 1222 3208 quar

174 3222 263 3272 Arnob.
279 3222 406 3270 instituunt
420 3236 507 3285 regem,
523 3222 609 3285 quibus
623 3221 672 3287 ipse
721 3221 780 3270 scire
797 3221 877 3268 conari
895 3219 994 3283 impium
1014 3228 1059 3275 est,
1075 3217 1126 3267 vid.
1143 3217 1222 3266 Bentl.

173 3298 259 3345 Jovenr
278 3296 354 3343 modis
367 3303 392 3343 et
409 3296 531 3344 sacrificiis
550 3295 580 3343 ed
599 3306 673 3344 terras
722 3294 752 3341 ad
764 3294 847 3342 Horat.
858 3294 879 3341 1.
891 3292 939 3341 Od.
951 3293 982 3341 xi.
996 3294 1017 3341 l.

172 3368 261 3417 eliciat.
290 3369 409 3416 Deducere
420 3370 483 3416 verb.
495 3384 531 3432 pr.
541 3383 673 3432 magorum,
754 3369 812 3416 327.
830 3367 882 3415 Liv.
892 3367 908 3415 i.
919 3369 966 3416 20:
985 3374 1001 3394 ‘⁴
1012 3365 1052 3414 Ad
1064 3381 1093 3414 ea
1103 3364 1222 3414 elicienda

175 3457 228 3506 quse
246 3448 271 3488 et
287 3441 368 3488 lunam
383 3441 467 3489 “coelo
482 3441 620 3490 deducere”
631 3457 672 3505 po·
722 3457 751 3490 ex
762 3441 880 3490 mentibus
891 3440 986 3496 divinis,
1000 3439 1054 3488 Jovi
1067 3438 1146 3487 Elicio
1156 3453 1221 3486 aram

172 3522 261 3563 terant.
299 3514 423 3562 Plutarch.
444 3518 600 3580 καταγαγεῖν
626 3519 671 3566 τὸν
721 3516 745 3563 ἰιι
758 3515 876 3563 Aventino
887 3515 984 3571 dicavit,
996 3516 1127 3577 Deumque
1137 3529 1221 3561 consu·

174 3587 220 3636 Δία
231 3586 413 3652 partiremur.
721 3587 767 3636 luit
776 3587 889 3651 auguriis,
897 3603 950 3651 quaa
959 3585 1113 3650 suscipienda
1120 3585 1223 3634 essent.”

207 3662 264 3709 ³⁸21.
281 3662 362 3710 lectio
376 3665 487 3711 dedicetur
497 3667 527 3711 ab
537 3675 588 3713 arte
598 3664 670 3712 veris·
722 3662 832 3716 Minores,
842 3660 937 3725 posteri.
966 3661 1004 3709 De
1015 3670 1112 3707 tremore
1123 3659 1174 3715 illo,
1187 3658 1221 3706 di-

174 3735 233 3784 sima
243 3735 301 3784 milri
312 3736 418 3797 videtur3
437 3753 539 3801 namque
550 3742 669 3795 deducere,
722 3735 782 3783 vinae
799 3735 930 3800 presentis
947 3734 1023 3798 signo,
1040 3733 1098 3782 alibi
1116 3733 1223 3792 dictum

174 3809 237 3874 quod
255 3826 304 3859 ver.
316 3812 540 3876 stupescerent,
552 3812 590 3860 hic
607 3829 671 3861 com.
721 3809 784 3857 coni.
794 3809 820 3856 ii.
834 3810 890 3856 4³9.
923 3808 1029 3856 Numam
1041 3807 1121 3855 horror
1131 3806 1172 3855 ille
1184 3822 1222 3855 sa·

173 3884 243 3932 mode
254 3885 374 3950 repetitur,
386 3894 411 3933 et
421 3889 499 3934 valida
510 3887 570 3934 bena
585 3902 670 3935 conve·
721 3898 761 3929 cer
771 3882 876 3947 corripit,
889 3883 943 3930 Deo
956 3879 1018 3939 viso;
1037 3889 1062 3928 et
1072 3881 1097 3928 iu
1113 3881 1223 3945 precibus

174 3958 210 4006 nit
227 3960 263 4023 τῷ
279 3970 339 4015 orte,
352 3966 377 4006 et
392 3963 420 4006 ab
434 3969 485 4007 arte
498 3968 535 4008 est
549 3974 593 4023 ope
607 3960 671 4008 artis.
721 3956 832 4005 solemnis
850 3965 901 4004 erat
918 3956 960 4004 illa
978 3955 1090 4011 conditio,
1102 3955 1123 4002 si
1142 3964 1165 4003 te
1183 3956 1223 4021 pie

174 4033 241 4081 Male
256 4032 349 4080 Taubn.
359 4041 435 4097 putat,
446 4031 510 4079 hunc
527 4048 595 4080 usum
612 4049 672 4097 prae·
720 4029 793 4078 colui.
828 4031 859 4077 Et
873 4030 965 4078 cultum
980 4044 1043 4076 nunc
1058 4044 1101 4094 per
1113 4031 1222 4083 maria,

174 4105 294 4171 positionis
304 4108 332 4153 ab
343 4105 479 4155 inusitatum
491 4121 553 4153 esse.
575 4106 671 4163 Nubila,
721 4105 833 4168 pietatem
851 4120 893 4169 per
912 4120 981 4166 puras
1001 4120 1082 4151 manus
1103 4103 1225 4169 exprimit.

175 4179 672 4245 quianebulasexhalatiners,Mot.ii.435.
722 4179 762 4227 Da
770 4182 881 4241 piamina,
892 4178 966 4228 edoce
976 4176 1093 4243 piamina.
