2806 5018
181 349 247 415 366
575 349 842 417 EXCURSUS
951 366 957 377 “

179 522 321 586 homines
344 520 507 585 Romanos
530 525 639 604 patriae
663 524 803 587 historiae
827 526 1096 591 amantissima

177 625 316 688 maxime
328 645 453 707 gnaros,
467 623 581 706 quibus
593 625 660 708 jam
677 633 772 689 antea
785 625 894 691 Ennii
911 637 950 692 et
963 624 1075 712 Virgilii
1119 618 1125 633 ¹

178 726 282 809 patria
301 725 481 808 gratissima
499 726 583 789 dona
603 727 796 790 acciderant.
847 728 899 793 Et
918 730 1058 814 similep

178 828 265 911 prius
284 828 352 911 jam
374 828 542 911 Propertio
563 829 661 892 fuisse
681 829 750 912 ipse
774 828 838 893 IV.
857 831 882 893 i.
904 831 963 897 69.
986 831 1070 905 cant,

179 951 328 994 versuum
343 951 405 994 non
422 933 573 1013 exiguam
588 932 651 994 vim
666 932 706 994 ad
723 930 835 995 Ovidii
850 934 1027 999 consilinm
1040 931 1079 997 rel

178 1032 253 1096 dum
277 1032 328 1095 vel
350 1032 599 1096 confirmandum
623 1033 733 1107 luisse,
758 1032 894 1116 quidam
921 1036 1080 1101 voluerut

179 1158 211 1219 p.
229 1137 269 1208 43
294 1136 406 1199 Barth.
422 1137 462 1199 ad
482 1135 643 1219 Propertii
660 1136 680 1199 l.
701 1139 744 1212 c.)
789 1135 829 1198 In
848 1136 967 1222 ,elegia
983 1139 1063 1203 enin

177 1237 295 1301 homini
317 1239 485 1321 peregrino
514 1239 665 1320 praeclara
693 1237 807 1301 Rome
831 1250 1045 1305 monuments
1060 1259 1087 1305 tt

177 1339 307 1403 dentem
322 1339 423 1423 lingit,
441 1349 609 1423 postquam
625 1339 679 1402 diu
696 1360 912 1405 summosam
929 1338 1105 1421 ardone,

176 1463 267 1506 sacra
282 1441 429 1505 Romana
450 1442 626 1524 horumque
643 1440 784 1505 locorum
804 1442 952 1510 ‹lirinam
971 1445 1103 1529 origina-

176 1544 335 1617 bravcrat,
351 1543 419 1607 haec
436 1565 470 1607 se
486 1543 656 1627 aliquando
671 1544 811 1608 carmine
826 1545 994 1613 elaturum
1008 1570 1029 1633 p
1085 1544 1091 1558 '

287 1703 375 1762 Sacra
389 1703 507 1781 diesque
521 1724 621 1762 canam
636 1714 666 1762 et
680 1703 847 1783 cognomina
860 1706 961 1783 prisea
975 1706 1102 1767 locorum:
1121 1674 1125 1681 Ι

176 1858 262 1943 quod
285 1857 449 1921 consilium
473 1865 560 1919 certe
584 1877 678 1939 quam
704 1856 850 1939 proxime
876 1858 918 1920 ad
950 1861 1055 1926 nostri
1124 1864 1127 1869 '

175 1962 312 2026 accedit.
356 1959 505 2034 Ovidius,
529 1959 584 2042 qni
601 1960 667 2043 jam
692 1960 731 2022 ad
755 1980 885 2023 carmen
909 1963 1018 2028 etiam
1059 1964 1068 1978 '
1138 1948 1141 1953 ¹

175 2073 312 2129 uacuum
325 2063 503 2147 elegiacum
519 2062 734 2137 transtulerat,
748 2062 779 2124 in
797 2062 857 2125 hoc
872 2064 981 2129 etiam
997 2086 1111 2152 genere

175 2169 266 2251 epioo
282 2166 382 2249 elegis
396 2165 454 2228 sibi
469 2164 717 2227 familiarissimis
733 2163 919 2246 simpliciori
939 2188 1096 2254 magnam

175 2269 310 2333 orationi
331 2266 437 2350 aptius
460 2267 534 2329 visis
556 2267 604 2329 uti
626 2267 794 2338 maluerat,
813 2265 899 2329 sorte
923 2269 958 2332 in
985 2271 1050 2336 hac
1104 2272 1111 2286 ’
1167 2344 1170 2349 ,

174 2370 235 2434 nisi
256 2369 496 2443 Callimachum,
517 2369 558 2431 de
582 2368 674 2452 cnjus
692 2377 795 2431 metro
817 2368 1006 2448 dubitatur,
1028 2366 1171 2440 tamn!

173 2474 311 2558 pertium
330 2472 514 2555 respiciens,
533 2472 588 2554 qui
607 2480 641 2535 et
661 2480 756 2534 antea
777 2471 885 2554 plures
904 2472 1057 2542 heroicas
1078 2478 1171 2543 laud

175 2596 244 2638 rum
267 2574 370 2637 aetatis
391 2594 442 2636 res
463 2580 570 2657 gestas
588 2573 689 2657 elegis
705 2581 888 2646 exornarat,
906 2584 946 2639 et
964 2577 1001 2640 in
1015 2579 1085 2645 lroc
1099 2574 1171 2646 ω’

175 2679 260 2761 quod
279 2676 446 2759 promittit,
465 2684 499 2737 ut
520 2675 589 2758 ejus
609 2675 713 2738 verbis
736 2683 818 2750 utar,
833 2675 969 2741 mollem
992 2683 1085 2746 vatis
1105 2679 1171 2765 etsp'

174 2779 324 2841 hederam
356 2777 484 2841 hirsutos
514 2776 609 2839 Ennii
637 2776 727 2839 lauro
757 2798 791 2839 so
820 2777 1040 2858 praelaturam
1072 2783 1171 2868 proflts

173 2881 250 2961 (IV.
268 2883 287 2946 i.
303 2883 371 2956 57.)
402 2882 541 2944 Tantum
557 2882 583 2942 si
598 2901 649 2942 res
666 2882 801 2964 majores
817 2883 977 2946 canendae
993 2899 1090 2963 snot,
1102 2885 1171 2953 ovid

174 2985 398 3049 excusationes
413 2984 453 3046 de
469 2983 616 3047 carminis
632 2984 787 3046 tenuitate
804 2992 839 3045 et
854 2986 952 3046 metri
969 2987 1117 3074 elegiaci
1130 3010 1171 3054 n!

174 3088 314 3151 carmine
333 3087 480 3150 historico
500 3086 603 3148 minus
620 3085 763 3159 solemni,
780 3097 951 3166 poetarum
971 3110 1080 3166 more,
1094 3092 1171 3156 modt

174 3192 214 3254 ab
230 3191 348 3275 ingenii
366 3190 398 3251 in
416 3191 511 3252 tantis
527 3186 657 3250 defectu
678 3197 711 3249 et
730 3189 837 3249 innato
855 3189 1001 3269 quodam
1024 3192 1171 3257 amorelt

175 3293 267 3378 hujus
283 3294 409 3378 generis
421 3294 513 3375 petit.
559 3291 673 3352 Statim
694 3291 734 3352 ab
753 3291 843 3352 initio
863 3291 932 3351 libri
951 3297 1110 3370 secundi,
1125 3296 1171 3358 inr

174 3396 315 3479 Augusti
332 3396 459 3478 quidam
476 3394 558 3456 tituli
570 3391 752 3455 celebrandi
768 3402 850 3464 sunt,
866 3391 924 3453 lrac
940 3394 986 3455 de
1002 3418 1040 3457 re
1059 3416 1171 3480 praemt

174 3498 220 3575 (ii.
242 3498 263 3560 3
286 3499 368 3580 sqq.)
391 3504 425 3557 et
451 3517 549 3577 quum
574 3495 743 3557 Octaviani
769 3514 945 3575 cognomen
974 3494 1089 3559 Patris
1114 3498 1171 3561 Pu

177 3601 355 3662 canendum
372 3608 432 3669 est,

273 3757 353 3825 Quid
367 3756 443 3813 volni
457 3756 582 3821 demens,
599 3753 730 3829 (clamat)
746 3755 833 3829 elegis
847 3754 995 3828 imponere
1011 3767 1133 3815 tantum

314 3848 458 3916 Ponderis,
472 3849 550 3906 heroi
565 3860 684 3905 reserat
698 3851 752 3906 ista
767 3846 853 3924 pedis.
