2806 5018
170 307 235 372 tus
418 306 486 371 Al)
510 305 684 371 LlVlAlll
708 301 973 391 AUGUsrAu

173 479 324 576 Quippe
341 479 477 552 ducem
496 480 635 552 arsuris
653 477 845 550 exercitus
862 475 984 548 omnis
1002 473 1044 546 in
1063 469 1191 554 armiS,

223 593 328 666 Inter
345 617 429 689 quae
449 593 571 691 periit,
592 615 731 689 ponere
749 602 877 664 certus
895 600 987 663 erat.
1158 589 1222 656 170

172 707 343 781 Abstulit
359 709 483 780 invitis
500 732 640 805 corpus
655 707 867 780 venerabile
885 704 1021 788 frater3

223 821 273 896 Et
291 822 457 895 Drusum
476 823 618 920 patriae,
639 822 741 918 quod
759 822 954 916 licuitque,
974 818 1099 892 dedit.

175 936 321 1011 Funera
338 938 527 1010 ducuntur
546 937 719 1010 Romana
736 960 805 1034 per
823 936 964 1034 oppida
983 934 1103 1007 Drusi
1118 961 1128 1020 ;

226 1051 313 1126 Heu
329 1051 494 1126 facinus!
522 1075 590 1149 per
608 1076 693 1148 quae
711 1051 829 1124 victor
845 1051 964 1123 iturus
983 1061 1090 1136 erat3

178 1167 252 1240 Per
270 1193 355 1265 quae
371 1167 508 1240 deletis
528 1166 747 1238 Rhaetorum
765 1176 917 1238 venerat
935 1165 1065 1237 armis.
1161 1166 1221 1234 175

226 1280 300 1355 Hei
319 1282 428 1354 mihi!
458 1305 573 1377 quam
590 1280 718 1377 dispar
736 1280 823 1352 huic
841 1279 910 1352 luit
926 1279 1023 1351 illud
1042 1278 1137 1351 iter!

176 1395 320 1469 Consul
339 1397 407 1468 init
424 1395 551 1468 fractis
570 1407 789 1467 moerentem
807 1394 973 1467 fascibus
993 1395 1146 1466 urbem.

227 1511 328 1595 Quid
346 1511 486 1586 faceret
503 1512 636 1597 victuS,
656 1511 710 1583 sic
730 1511 793 1583 ubi
811 1511 930 1583 victor
947 1509 1045 1581 init?

177 1627 318 1701 Moesta
334 1627 468 1700 domus
487 1628 666 1725 plangore
684 1638 805 1712 sonat,
825 1626 886 1698 cui
904 1625 1022 1720 figere
1039 1625 1153 1697 laetus

227 1747 344 1821 Parta
357 1773 427 1822 sua
443 1749 616 1822 dominus
634 1759 786 1822 voverat
803 1772 905 1820 arma
923 1771 1054 1819 manu.
1160 1749 1221 1817 180

153 1893 160 1906 ·
179 1863 280 1937 Urbs
298 1865 424 1961 gemit,
444 1875 482 1937 et
500 1865 643 1937 vultum
662 1863 882 1937 miserabilis
901 1863 1025 1936 induit
1043 1887 1182 1946 unum;

229 1981 418 2083 Gentibus
436 1980 601 2054 adversis
620 1979 738 2052 forma
755 1979 805 2051 sit
822 1979 898 2062 illa,
915 1979 1073 2076 precor!
1103 1979 1219 2074 [bem3

178 2094 319 2168 Incerti
346 2097 601 2191 clauduntque
620 2097 764 2182 domos,
786 2094 1068 2192 strepitantque
1088 2117 1156 2192 per
1170 2115 1224 2164 ur·

230 2209 302 2283 Hic
320 2211 395 2284 illic
415 2211 539 2307 pavidi
556 2212 732 2307 clamque
750 2209 950 2307 palamque
969 2207 1117 2282 dolent.

176 2323 199 2396 J
203 2349 269 2397 ura
283 2326 407 2409 silent,
420 2335 609 2422 mutaeque
622 2336 748 2400 tacent
759 2325 839 2399 sine
849 2324 998 2397 vindice
1010 2324 1137 2420 leges:
1159 2325 1222 2395 185

230 2440 449 2537 Adspicitur
466 2454 545 2514 toto
563 2466 730 2539 purpura
747 2443 851 2515 nulla
868 2440 959 2514 loro.

215 2737 266 2783 171.
279 2736 382 2797 Protea]
398 2735 514 2791 Tiberius,
530 2738 579 2799 qui,
596 2737 678 2785 audita
728 2738 815 2786 victam
836 2735 984 2793 Barbarieru,
1008 2736 1151 2800 Antebagio
1171 2735 1224 2783 duee

178 2811 215 2858 vir
234 2809 311 2856 fratris
322 2810 467 2864 valetudine,
480 2811 510 2857 ad
526 2811 593 2857 illum
605 2812 676 2859 advo·
728 2812 777 2859 solo
788 2812 882 2865 comite,
890 2810 991 2858 evasit.”
1016 2812 1119 2867 Omnes,
1131 2820 1158 2858 ut
1169 2809 1225 2857 vide-

178 2883 244 2938 lavit,
265 2883 417 2946 defunctique
439 2899 524 2948 corpus
546 2891 561 2911 ‘¹
577 2882 677 2947 pedibus
728 2892 774 2938 tur,
785 2899 814 2931 ex
826 2883 902 2938 Livio,
914 2884 977 2947 Epir.
988 2884 1033 2930 lib.
1042 2884 1091 2931 cxl.

83 2964 85 2969 '
177 2967 225 3006 toto
241 2957 323 3004 itinere
338 2957 503 3020 pregrediens‚
518 2957 619 3004 Romam
639 2974 676 3005 us·
764 2958 815 3004 177.
835 2958 1056 3020 consuluisae]
1078 2957 1121 3005 Sic
1132 2957 1226 3005 olimle·

177 3046 224 3094 que
246 3030 378 3094 pervexit.''
413 3031 452 3077 Ab
475 3030 518 3077 hoc
540 3046 586 3077 uno
606 3031 676 3078 'l'ibe-
727 3032 840 3092 gebatur:
859 3038 876 3058 ⁴⁴
895 3031 1017 3078 Consuluit
1033 3032 1119 3079 tractis
1132 3046 1224 3079 rnoeren·

177 3101 237 3150 rium
253 3118 347 3149 omnem
367 3103 444 3150 discas
464 3103 527 3150 licet.
560 3103 621 3149 Rern
640 3105 676 3152 lu·
728 3113 774 3151 tem
790 3103 893 3152 fascibus
908 3105 1016 3153 urbem.'’
1052 3105 1159 3153 Versum
1172 3107 1225 3152 bunc

178 3175 227 3222 sius
237 3183 324 3227 narrat,
336 3190 379 3222 nec
391 3174 519 3222 adulatorie
536 3175 613 3223 minus
622 3177 677 3224 vat.
727 3179 929 3242 corruptissimum
948 3179 1056 3225 omnium
1075 3179 1168 3244 primus
1184 3178 1225 3225 sti·

178 3249 309 3295 Maximv.
317 3252 341 3296 5.
358 3256 374 3275 '‘
387 3250 491 3295 Tantum
501 3265 603 3296 amorem
615 3249 677 3313 prin·
728 3251 805 3313 cyllus
815 3251 924 3306 restituit,
936 3251 1044 3316 legitque
1053 3269 1099 3317 pro
1111 3254 1225 3302 mantnt.

178 3336 243 3384 ceps,
253 3320 338 3384 inquit,
348 3337 480 3385 parensque
495 3331 572 3369 noster
582 3322 676 3370 insitum
727 3328 805 3372 consul
816 3329 868 3372 init.
900 3325 1000 3388 Sequuti
1013 3325 1105 3374 deinde
1117 3327 1225 3378 Pithone

180 3393 259 3440 animo
270 3393 347 3440 fratris
359 3394 432 3441 Drusi
444 3394 555 3449 habebat,
567 3405 593 3442 ut
604 3412 676 3459 quum
728 3398 841 3459 Scaliger,
854 3398 975 3452 Heinsius,
985 3408 1034 3445 etc.
1069 3399 1224 3447 Sedririrm

177 3466 263 3522 Ticini,
284 3482 331 3529 quo
346 3466 420 3514 victor
439 3468 548 3522 hostium,
566 3468 596 3515 ad
614 3484 677 3515 corn·
728 3470 827 3518 destiam
856 3472 1041 3527 animadvertas,
1067 3488 1169 3536 questu
1191 3470 1224 3536 qui

179 3538 316 3601 plectendos
332 3551 440 3604 parentes
452 3552 555 3597 venerat,
567 3541 632 3604 graii
650 3542 677 3588 il·
730 3560 802 3608 quum
814 3544 914 3608 plurima
926 3545 1041 3594 felicitate
1057 3547 1112 3609 pari
1123 3545 1224 3595 emendi·

180 3609 228 3657 lum
247 3620 271 3658 et
288 3613 418 3674 periculosa
430 3615 565 3663 valetudine
582 3615 606 3663 in
619 3617 677 3663 Ger·
729 3618 796 3671 verit,
807 3628 898 3665 textum
915 3634 1033 3681 nusquam
1049 3620 1178 3669 immutare
1189 3635 1222 3666 eu·

179 3683 257 3731 manin
284 3685 397 3732 fluctuare
424 3696 556 3749 cognosset,
580 3689 678 3752 proinde
728 3707 768 3738 sus
790 3701 836 3749 est3
864 3692 984 3756 talemque
1007 3694 1118 3750 omnino,
1139 3695 1222 3760 qualern

179 3767 243 3802 metu
261 3758 373 3804 attonitus
384 3770 525 3822 erumperet.
560 3762 609 3809 Iter
619 3778 677 3825 quo·
728 3765 857 3819 invenerat,
869 3765 969 3812 fideliter
978 3767 1104 3816 exhibuit.

179 3843 226 3890 que
237 3843 308 3891 quam
320 3830 427 3893 rapidum
444 3841 468 3878 et
478 3849 591 3897 praeceps,
604 3837 639 3882 vel
653 3846 678 3884 ut
763 3841 817 3886 181.
837 3839 896 3886 Urbs
904 3842 984 3902 gemit,
1000 3851 1022 3886 et
1037 3846 1132 3889 vultu
1143 3845 1221 3888 niun-

179 3915 226 3948 uno
240 3901 321 3965 spiritu
333 3902 477 3965 corripuerit,
489 3922 516 3951 co
528 3916 601 3969 patet,
614 3909 678 3970 quod
729 3914 779 3958 bitis
794 3915 870 3959 induit
889 3913 985 3975 unum]
1019 3915 1131 3962 Tristitia
1148 3913 1220 3963 endem

179 3971 260 4037 Alpes,
284 3973 443 4037 Rhenumque
465 3986 621 4040 transgressus
639 3980 677 4028 die
730 3985 832 4032 omnium
843 3985 866 4032 iu
878 3984 945 4032 vultu
954 3985 1042 4049 pariter
1052 3984 1220 4050 insidet;quod

178 4061 207 4093 ac
226 4056 304 4102 nocte,
322 4055 413 4095 mutato
429 4049 529 4097 subinde
547 4067 616 4115 equo,
634 4053 677 4100 du·
728 4062 836 4122 gentibuq
863 4062 962 4106 udonus
994 4061 1094 4109 accidat
1124 4070 1220 4123 precatu*

178 4128 248 4168 centa
264 4121 341 4168 millia
358 4137 479 4185 passuum,
496 4140 536 4189 per
552 4125 621 4173 modo
636 4127 676 4174 de·
728 4139 799 4194 poeta
808 4149 815 4189 ς
833 4132 970 4188 scilicet,nt
980 4133 1016 4181 sic
1028 4134 1138 4197 lugeant.
