2806 5018
468 363 523 429 IN
549 363 922 431 0V1D11FssT08.
1157 367 1222 432 407

172 537 288 602 varit0.
325 537 455 601 Annum
472 546 579 602 autem
593 537 718 601 initium
735 537 858 621 cepisse
874 539 914 601 ab
930 558 969 600 eo
984 545 1140 622 tempore,
1157 561 1220 623 quo

172 663 258 704 nuuc
280 639 417 704 Martius
440 650 501 715 est,
517 652 551 703 et
571 650 719 704 constans
737 641 876 705 omnium
898 641 984 704 fama
1001 650 1061 715 est,
1076 650 1111 705 et
1130 643 1222 725 plurs

173 751 363 828 argumenta
377 743 583 826 probabiliter
598 743 772 806 declarant.
794 744 878 806 Tum
894 744 979 806 enim
995 754 1117 808 uaturae
1132 766 1222 809 max·

173 848 238 910 inre
261 856 509 910 cousentaneum
533 855 593 919 est,
618 867 637 907 a
659 867 734 909 vere
757 846 832 909 anui
853 845 978 909 initium
1003 855 1126 931 petere,
1155 857 1223 912 turu

175 948 282 1012 Aonae
302 948 460 1013 Pereuuae
478 949 610 1022 festum,
626 947 699 1011 anui
714 949 805 1011 initis
823 948 928 1011 fausta
948 948 1032 1012 haud
1052 950 1148 1012 dubie
1167 951 1223 1014 de-

173 1052 314 1135 signans,
341 1062 407 1114 tum
436 1051 577 1134 denique
602 1052 792 1116 ceremoniae
823 1051 886 1114 inae
914 1051 1053 1134 antiquae
1079 1052 1119 1115 ad
1149 1054 1224 1116 anni

173 1152 301 1217 initium
322 1161 515 1235 spectantes,
535 1173 614 1236 quas
635 1152 732 1216 Ovid.
754 1153 799 1218 iii.
818 1154 894 1216 137.
912 1161 945 1215 et
967 1152 1109 1216 Macrob.
1130 1153 1151 1216 i.
1169 1155 1223 1218 12.

175 1253 342 1328 exhibent,
359 1275 422 1317 non
433 1255 567 1319 obscure
583 1255 730 1317 innuunt.

488 1615 818 1692 EXCURSUS
852 1615 927 1691 VI.

251 1826 469 1875 QUAESTIONES
492 1825 536 1867 An
559 1822 867 1867 INTERPRETANDOS
888 1822 1169 1873 QUOSDAM'LOCOS

594 1908 812 1952 SPEC'I'ANTES.

179 2075 228 2137 1⁰.
238 2071 301 2137 VI.
311 2072 386 2137 778.
403 2057 555 2163 QUAM
570 2073 633 2136 cito
646 2080 797 2135 venerunt
812 2064 1077 2163 Fortsspissortis
1087 2072 1229 2139 berseres.

182 2176 299 2256 Quaeri
323 2185 441 2260 potest,
463 2198 503 2240 au
522 2176 675 2249 Fortuna,
696 2175 748 2238 cui
768 2174 901 2238 Servius
923 2174 982 2238 boc
1005 2175 1058 2239 die
1076 2177 1228 2261 tempium

183 2278 359 2353 dedicavit,
377 2279 479 2360 primo
501 2299 578 2342 casu
590 2277 696 2362 fortis
717 2276 876 2350 Fortuna,
899 2277 950 2339 vei
974 2277 1058 2340 Fors
1080 2278 1230 2342 Fortuna

184 2381 274 2444 dicta
287 2380 394 2443 suerit.
439 2378 534 2443 Prius
549 2401 662 2443 verum
679 2401 762 2453 esse,
778 2379 953 2442 certissime
970 2400 1053 2443 nuno
1070 2380 1145 2444 mihi
1159 2403 1230 2464 pro·

185 2481 312 2545 butun·
337 2482 449 2545 Fortis
469 2482 534 2563 (vel
547 2481 679 2567 scretis,
701 2481 833 2554 foretne,
854 2481 999 2556 borotus3
1023 2482 1106 2546 cons.
1126 2484 1166 2546 ad
1187 2484 1231 2547 iv.

184 2583 278 2659 620.)
291 2582 402 2667 priscis
418 2582 571 2647 Romanis
587 2583 686 2647 fuisse
699 2583 721 2647 i.
737 2605 769 2667 q.
787 2585 899 2657 bouus,
916 2593 950 2647 et
967 2584 1056 2648 Fest.
1076 2584 1154 2663 (vid.
1169 2587 1230 2651 So-

186 2694 328 2749 notsset
337 2687 510 2762 Horetum)
521 2683 683 2770 expressis
694 2686 800 2749 verbis
815 2687 922 2760 uadit,
936 2697 970 2751 et
984 2689 1133 2771 exempla
1146 2689 1231 2773 apud

189 2789 352 2863 Plautum,
368 2790 423 2853 ubi
443 2789 501 2852 hoc
519 2811 579 2853 usu
598 2789 746 2864 occurrit,
762 2789 917 2872 probant,
942 2789 1011 2854 Mil.
1032 2789 1093 2853 lV.
1109 2792 1152 2856 iii.
1171 2791 1232 2869 13;

188 2893 310 2957 Bacch.
328 2891 376 2956 11.
394 2892 426 2956 ii.
441 2891 495 2955 38.

233 2994 360 3079 Ecquid
382 2994 473 3058 fortis
495 2993 563 3058 visa
587 2993 657 3056 est?
686 2993 728 3056 de
754 2991 872 3075 puella,
895 2992 950 3055 ubi
972 3006 1023 3056 est
1044 2994 1064 3056 i.
1087 3015 1119 3077 q.
1142 2995 1234 3069 bono,

183 3098 335 3183 pulchro.
361 3097 483 3162 Eodem
500 3119 597 3161 sensu
607 3099 654 3160 vir
669 3096 770 3171 sortis,
782 3097 856 3159 alibi
872 3097 973 3159 bouus
986 3098 1162 3179 (Potrici.)
1184 3099 1234 3162 Eo

190 3209 300 3264 autem
330 3200 433 3263 miuus
462 3201 585 3273 dubito,
615 3200 722 3283 ipsum
752 3199 833 3263 sorte
864 3199 1017 3282 tempium
1048 3199 1233 3283 inscriptum

190 3303 307 3365 subse:
330 3303 478 3366 Fortuna
486 3302 619 3387 sorotis,
633 3322 732 3385 quum
752 3321 795 3364 ex
816 3300 873 3364 bae
892 3301 993 3364 scium
1011 3302 1112 3364 sorma
1131 3302 1234 3366 iucem

191 3404 393 3469 nanciscatur
412 3404 575 3468 Plutarchi
595 3404 683 3468 locus
704 3425 858 3487 perquam
881 3404 1067 3488 singularis:
1088 3405 1143 3484 (de
1161 3404 1236 3470 fort.

193 3505 290 3570 Rom,
305 3528 337 3589 p.
354 3506 430 3571 319
446 3507 505 3586 Α)
526 3519 620 3587 Τύχην,
635 3514 664 3584 ἢν
676 3517 796 3592 φορτικὴν
812 3521 943 3581 καλοῦσιν,
957 3515 1013 3589 ὅπερ
1030 3517 1103 3570 ἐστὶν
1118 3519 1235 3592 ἱσχυρὰν,

191 3616 380 3687 ἀριστευτικὴν,
407 3612 423 3682 ἦ
449 3614 574 3689 ἀνδρείαν,
602 3618 632 3679 ὥς
658 3616 688 3669 τὸ
713 3615 836 3681 νικητικὸν
862 3613 982 3667 &sines
1004 3613 1096 3686 κράτος
1118 3609 1237 3683 ἔχουσαν.

192 3711 341 3776 Formam
349 3709 472 3794 sorotis
491 3711 521 3774 in
539 3710 665 3774 Graecae
683 3711 768 3774 vocis
788 3709 1026 3773 similitudinem
1047 3719 1236 3786 mutaverat,

191 3812 297 3875 utillo
313 3811 431 3896 iinguoe
447 3812 571 3876 Latinae
587 3813 748 3875 interdum
764 3809 880 3895 gnarus
897 3821 966 3885 est,
987 3833 1116 3877 sensum
1132 3822 1238 3877 tamen

190 3914 355 3998 exprimit,
371 3935 408 3977 ac
424 3915 450 3977 si
464 3919 571 3995 φορτικὴ
584 3913 603 3977 i.
622 3935 652 3997 q.
669 3914 761 3977 sortis
777 3924 873 3977 esset.
920 3913 1126 3978 Haberemus
1143 3916 1240 3997 igitur

224 4109 235 4131 ⁰
256 4100 311 4152 Pari
333 4101 423 4150 ratione
447 4117 540 4151 menses
561 4101 625 4166 apud
646 4101 690 4151 Ju-
742 4100 906 4166 accipiebant,
934 4101 986 4152 vid.
1017 4103 1152 4151 Woruskros
1179 4103 1241 4151 bebr.

191 4177 258 4225 ducos
278 4174 379 4239 primum
398 4191 495 4225 numero
514 4175 691 4248 distinguebam
744 4176 843 4224 Aitertb.
857 4192 882 4241 p.
896 4176 954 4224 539.

190 4262 246 4308 tur;
266 4257 348 4314 postca
370 4249 464 4299 demum
487 4251 579 4316 propria
600 4249 695 4296 nomina
