2806 5018
167 352 233 419 ma
459 350 499 414 P.
524 347 686 414 ovmu
708 348 929 449 Nasonis

164 524 291 620 Atque
308 522 452 618 aliquid
469 522 599 607 iacias,
618 546 641 595 a
658 546 813 621 vespere
831 546 963 596 rursus
984 524 1037 597 ad
1055 535 1164 598 ortus

213 637 292 710 Cur
309 638 514 710 exsternati
536 636 636 708 Solis
654 648 813 732 agantur
830 638 935 734 equi.

163 753 281 826 Foeda
300 751 499 849 Lycaoniae
518 763 667 849 repetes
685 752 853 826 convivia
870 777 1034 840 mensae,

212 867 471 963 Tentabisque
489 868 564 940 cibi
582 865 710 940 fallere
727 867 859 940 fraude
875 866 1039 942 lovem:

161 984 294 1079 Teque
313 982 449 1078 aliquis
466 982 588 1080 posito
606 992 728 1056 tentet
740 981 816 1055 vim
831 982 1001 1055 numinis
1015 994 1135 1081 opt03
1149 988 1215 1055 435

212 1096 430 1171 Tantalides
448 1107 489 1169 tu
509 1096 573 1183 sis,
589 1096 849 1194 Tereidesque
867 1120 975 1193 puer.

163 1213 214 1288 Et
231 1225 297 1287 tua
313 1213 367 1286 sic
386 1214 482 1285 latos
501 1223 725 1309 spargantur
742 1212 913 1284 membra
929 1236 1003 1309 per
1020 1236 1148 1310 agros,

210 1329 407 1425 Tanquam
425 1351 513 1424 quae
528 1327 668 1424 patrias
686 1326 882 1399 detinuere
898 1325 997 1401 vias.

161 1444 249 1519 AEre
267 1443 430 1517 Perilleo
447 1466 554 1515 veros
572 1442 717 1515 imitere
730 1443 928 1538 juvencos
1060 1518 1068 1533 ,

156 1653 157 1657 ¹
211 1559 271 1632 Ad
290 1557 446 1631 formam
464 1557 559 1630 tauri
577 1556 823 1630 conveniente
842 1579 960 1629 sono:
1118 1618 1120 1623 .
1144 1560 1208 1629 440

164 1673 263 1747 Utve
280 1673 386 1747 ferox
404 1672 589 1757 Phalaris,
609 1670 737 1768 lingua
753 1670 856 1768 prius
873 1694 969 1744 ense
987 1681 1150 1757 resecta,

214 1787 322 1862 More
340 1787 459 1873 bovis,
480 1786 627 1882 Paphio
644 1787 795 1859 clausus
813 1785 852 1856 in
869 1809 944 1858 aere
964 1810 1116 1882 gemas.

163 1903 343 2000 Dumque
360 1903 482 1976 redire
498 1903 601 1975 voles
620 1901 688 1972 aevi
705 1900 867 1973 melioris
884 1900 924 1973 in
943 1925 1082 1987 annos,

195 2008 197 2012 ’
214 2018 268 2092 Ut
285 2031 391 2093 vetus
410 2017 562 2091 Admeti
581 2015 769 2113 decipiare
788 2038 908 2088 socer.

161 2134 292 2231 Atque
309 2158 428 2231 eques
445 2134 484 2206 in
503 2132 615 2205 medii
634 2155 803 2227 mergare
822 2129 1003 2226 voragine
1020 2132 1205 2218 camilli

165 2272 168 2279 ¹
213 2248 428 2325 Dummodo
446 2248 521 2321 sint
539 2247 604 2320 sati
623 2246 774 2319 nomina
791 2246 895 2318 nulla
912 2246 983 2319 tui.

159 2363 289 2461 Atque
307 2365 449 2436 utinam
468 2387 614 2461 pereas,
633 2361 747 2435 veluti
765 2362 813 2436 de
830 2361 1014 2435 dentibus
1031 2363 1104 2436 orti

211 2478 366 2550 Sidonia
378 2479 491 2573 jactis
511 2477 626 2549 Graia
644 2500 711 2574 per
729 2500 815 2548 arva
833 2499 962 2548 manu.

160 2588 211 2662 Et
227 2614 313 2687 quae
332 2589 541 2664 Penthldes
559 2590 660 2676 lecit,
680 2590 868 2688 fraterque
888 2589 1083 2678 Medusae,

212 2704 396 2776 Eveniant
413 2704 526 2802 capiti
545 2716 632 2777 vota
650 2705 798 2781 sinistra
815 2718 893 2778 tuo.
1137 2709 1203 2778 450

160 2818 211 2892 Et
227 2819 364 2916 quibus
383 2820 520 2917 exiguo
538 2822 697 2895 volucris
716 2823 853 2894 devota
869 2820 999 2894 libello
1019 2833 1092 2906 est,

210 2935 377 3034 Corpora
395 2940 563 3034 projecta
580 2962 665 3034 quae
684 2962 752 3009 sua
770 2947 905 3035 purgat
923 2960 1040 3033 aqua.

190 3234 245 3281 tat.
263 3235 311 3280 Aut
327 3233 438 3296 aliquid]
459 3232 560 3281 adludit
574 3233 603 3281 ad
619 3233 652 3279 fa·
704 3232 728 3279 in
745 3233 812 3288 urbe,
827 3229 948 3295 aruspices
965 3232 1148 3296 responderunt,
1160 3230 1200 3276 Po·

156 3305 237 3353 bnlam
254 3306 364 3369 Thyeste
383 3314 407 3354 et
426 3305 503 3360 Atrei,
521 3323 534 3353 n
556 3321 652 3370 quorum
702 3304 827 3352 stuliouem
845 3303 951 3350 manium
965 3305 1050 3352 Deum
1068 3302 1200 3369 posoeoeri·

156 3392 238 3426 mensa
256 3379 296 3425 Sol
313 3379 398 3426 dicitur
415 3377 525 3426 avertisse
543 3393 652 3434 currum3
702 3394 753 3425 mm
780 3376 947 3425 fortissimum:
970 3378 1012 3441 qui
1035 3378 1081 3425 nisi
1104 3378 1199 3427 daretur.

156 3450 210 3499 vide
226 3453 315 3516 Hygin.
329 3454 387 3500 Fab.
399 3454 438 3499 63.
450 3460 474 3499 et
487 3451 599 3514 Tragoed.
609 3452 650 3498 Se·
701 3451 821 3499 interitum
851 3451 904 3497 urbi
933 3450 1070 3498 imminere.
1114 3449 1201 3498 Curtius

156 3538 221 3572 necea
232 3525 331 3588 Thyest.
701 3523 810 3572 inventus
825 3532 869 3579 est,
881 3522 922 3586 qni
940 3532 1051 3571 armatus
1065 3537 1120 3572 enm
1134 3525 1158 3569 in
1171 3523 1198 3569 le

188 3598 243 3644 436.
255 3599 406 3661 Tantalides]
416 3600 509 3662 Pelops,
518 3597 650 3645 filiusTan·
700 3612 755 3643 cum
774 3611 799 3644 se
816 3595 911 3659 dejecit.
948 3597 1045 3644 Nomen
1062 3597 1144 3644 datum
1160 3606 1199 3647 est.

155 3668 205 3723 tali,
223 3671 357 3718 numinibus
376 3671 477 3735 hospitio
496 3672 652 3736 susceptis,a
702 3678 728 3715 nt
751 3671 845 3717 Curtius
868 3671 931 3715 meru
953 3667 1136 3733 adpellaretur5
1154 3667 1200 3715 ride

154 3748 220 3804 patre
231 3741 350 3806 adpositus
361 3755 405 3798 est,
419 3744 555 3810 experiente
568 3761 598 3792 an
610 3745 651 3792 Dii
702 3743 757 3790 val.
771 3741 924 3790 Mamm-lib.
936 3759 960 3789 v.
970 3757 1029 3806 cap.
1038 3747 1063 3791 5.
1080 3744 1153 3791 Dori.

153 3821 243 3861 essent.
277 3815 374 3879 Reliqui
398 3818 574 3864 abstinuerunt:
597 3819 652 3865 Una
734 3817 792 3864 451.
822 3816 852 3862 Et
874 3817 955 3877 quibus
978 3819 1063 3880 exiguo
1087 3813 1198 3875 uoluens]

154 3885 227 3934 Ceres
255 3886 377 3935 humerum
411 3889 549 3952 absumpsit,
582 3906 652 3953 quem
703 3889 813 3952 Intellige
839 3903 880 3935 eas
904 3889 1099 3951 imprecationes,
1122 3889 1200 3953 quibus

153 3969 235 4022 postea
256 3960 359 4008 reddidit
379 3964 508 4008 eburneum
530 3962 650 4009 divinitas.
703 3961 856 4025 Apollonium
876 3961 1000 4009 Rhodium
1019 3977 1034 4009 a
1051 3960 1199 4013 Callimacho.

156 4031 192 4080 Τιι
205 4033 328 4095 Tereusque
337 4050 402 4093 puer.
430 4035 485 4095 Ityn
496 4033 571 4079 filium
582 4035 651 4081 Terei
702 4037 746 4082 sub
758 4035 833 4083 Ibidis
848 4035 943 4083 nominc
955 4034 1071 4084 devotum
1082 4053 1134 4084 esse
1145 4034 1198 4082 dixi·

153 4103 270 4167 designat,
282 4105 341 4169 patri
353 4104 495 4168 adpositum.
703 4124 755 4156 mus
786 4109 852 4156 initio
884 4109 970 4157 harum
1005 4111 1196 4159 observationum.

185 4180 240 4225 445.
251 4178 414 4240 Αεᾳιιεεῳιεε]
432 4177 575 4226 Dehiscentc
589 4189 651 4228 terra
702 4181 803 4230 Ovidius
819 4182 882 4230 enim
897 4181 995 4246 planius
1011 4183 1144 4232 describere
1158 4195 1196 4229 non
