2806 5018
423 384 742 451 consonatio.

57 552 75 624 Ι
94 578 209 642 nune,
228 568 280 643 et,
300 559 413 632 rebus
431 570 536 632 tanta
554 559 796 657 impendente
813 558 931 643 ruina,

109 669 155 742 In
174 683 211 745 te
229 673 347 747 solam
366 674 494 747 oculos
513 686 552 748 et
569 687 634 749 tua
648 676 788 749 damna
805 673 912 748 reser.

55 783 253 862 Maximus
271 789 332 862 ille
347 790 500 887 quidem
510 794 704 888 juvenum,
720 815 806 888 spes
825 787 1106 887 publicavixit3

111 899 173 987 Et,
194 928 270 1000 qua
287 917 398 978 natus
412 918 506 992 erat,
525 908 642 1004 gloria
660 929 807 979 summa
824 904 972 977 domus.
1033 905 1107 975 366

56 1029 137 1103 Sed
156 1035 321 1108 mortalis
339 1047 440 1121 erat;
470 1060 540 1110 nec
559 1048 601 1108 tu
620 1059 755 1110 secura
771 1034 887 1120 fuisti,

110 1146 235 1221 Fortia
253 1152 431 1247 progenie
449 1153 549 1225 bella
568 1164 721 1248 gerente
740 1162 818 1224 tua.

57 1260 152 1335 Vita
166 1264 255 1337 data
273 1276 332 1338 est
351 1267 512 1340 utenda:
534 1267 623 1340 data
641 1277 700 1339 est
718 1266 798 1338 sine
816 1263 958 1337 foenore
976 1264 1085 1336 nobis

113 1376 260 1466 Mutua,
280 1407 349 1455 nec
368 1403 473 1456 certa
491 1381 740 1481 persoliienda
757 1382 831 1454 die.
1032 1385 1107 1453 370

58 1491 231 1568 Fortuna
244 1497 406 1580 arbitriis
424 1510 575 1596 ternpus
594 1499 792 1595 dispensat
810 1497 964 1591 ubique.

113 1607 185 1682 Illa
201 1612 299 1709 rapit
311 1614 490 1710 juvenes:
521 1613 683 1686 sustinet
701 1612 765 1685 illa
782 1635 906 1685 senes,

60 1721 224 1821 Quaque
242 1725 328 1812 ruit,
347 1726 548 1800 furibunda
565 1728 658 1814 ruit;
680 1738 878 1822 totumque
897 1749 964 1823 per
981 1718 1111 1798 orbem

115 1838 315 1929 Fulminat,
332 1854 371 1915 et
387 1842 500 1915 caecis
518 1866 621 1915 caeca
638 1841 846 1939 triumphat
863 1840 985 1936 equis.

58 2146 84 2184 et
100 2136 204 2203 accipiat
219 2138 249 2187 de
265 2138 425 2203 Philosophia,
438 2139 475 2187 vel
486 2140 563 2205 Sibyl·
646 2140 702 2187 364.
720 2139 863 2186 interatum
877 2137 1033 2200 aculonem]
1052 2140 1112 2196 Qua

59 2207 117 2256 linia
127 2211 237 2268 oraculis,
250 2228 304 2276 quaa
320 2215 433 2260 tritentom
450 2214 508 2261 lune
524 2229 563 2261 ue·
612 2212 644 2261 aia
657 2212 717 2277 ipsa,
729 2223 753 2260 et
771 2228 842 2275 quem
859 2210 964 2259 amiseris
978 2210 1113 2260 considera:

59 2298 108 2329 ceu
123 2285 212 2345 triplici
229 2287 298 2346 operi,
313 2284 336 2334 id
354 2294 398 2341 eet,
412 2285 483 2342 coelo,
498 2287 564 2335 terris
614 2289 722 2333 morimur
739 2288 778 2333 ua
793 2287 890 2348 quidem,
906 2293 972 2342 etc.;
997 2284 1039 2332 aed
1056 2301 1115 2333 mor-

58 2364 85 2402 et
116 2355 186 2412 freto,
215 2361 409 2406 vaticinabuntur.
448 2359 564 2424 Respexit
613 2362 666 2407 tulis
676 2370 741 2420 erat3
757 2369 782 2407 et
793 2375 865 2423 quum
883 2373 912 2406 ea
927 2357 957 2405 sit
971 2373 1046 2406 rerum
1063 2374 1115 2408 om·

60 2429 150 2478 Noster
164 2431 194 2479 ad
205 2432 351 2489 Lucretium,
362 2450 385 2480 v.
395 2434 443 2482 95:
461 2439 478 2460 ⁴‘
495 2434 564 2483 Prin·
615 2436 680 2482 nium
695 2432 807 2488 conditio,
817 2442 844 2480 ut
858 2431 982 2488 intereant,
994 2447 1023 2479 eo
1037 2432 1116 2482 minua

60 2502 133 2568 cipio,
145 2506 220 2553 maria
237 2521 265 2554 ae
283 2514 356 2555 terras
373 2507 509 2571 coelumque
526 2517 563 2558 tu·
614 2525 693 2556 secura
704 2506 777 2564 luisti.
787 2521 834 2571 quo
850 2521 895 2554 aua
905 2505 1011 2554 Drusum
1026 2504 1051 2554 in
1066 2521 1118 2555 cer·

60 2592 116 2625 ere:
144 2578 234 2627 Horum
252 2589 359 2627 naturam
378 2582 499 2642 triplicem,
518 2585 565 2629 triu
615 2583 662 2630 tius
672 2582 803 2647 periculum
814 2581 888 2628 virtus
897 2579 1041 2628 immitteret.
1071 2581 1118 2630 Po-

62 2665 170 2714 corpora,
190 2653 298 2709 Memmi,
322 2653 375 2701 Tm
399 2653 489 2718 species
515 2664 565 2703 tam
614 2664 677 2704 etam
693 2654 731 2703 hic
748 2653 825 2702 rhetor
840 2653 902 2700 male
916 2662 1025 2717 occupat,
1036 2661 1061 2702 et
1075 2655 1118 2702 Se·

61 2721 197 2779 diuinitas,
218 2727 266 2772 triu
283 2725 341 2774 talia
359 2733 424 2774 texta
441 2727 497 2776 Una
515 2727 566 2776 dies
616 2743 699 2775 necam
720 2727 805 2791 magia,
824 2742 896 2790 quam
916 2727 1035 2774 Nasonem
1052 2726 1117 2790 agit3

60 2797 128 2844 dabit
144 2797 236 2846 exitio?
271 2799 357 2863 Neque
373 2798 433 2847 illud
450 2815 497 2848 non
515 2801 565 2848 ani·
615 2802 657 2850 sed
679 2801 730 2866 ipsa
751 2801 802 2849 haec
825 2801 946 2849 verborum
968 2800 1119 2864 intemperies

62 2869 225 2920 madveraioue
240 2871 565 2937 dignum,quodverausille
616 2873 730 2923 Ovidium
757 2874 852 2936 arguit;
881 2873 922 2937 qui
949 2871 974 2920 iu
999 2883 1119 2936 patentem

60 2960 222 3008 casurumque,
230 2955 277 2994 etc.
285 2946 383 2995 totidem
393 2948 470 2996 verbio
483 2964 565 2998 occur·
615 2948 676 2997 adeo
686 2946 816 2996 adulationi
830 2961 940 3010 campum
951 2944 1023 2993 semel
1035 2960 1121 3009 exope-

61 3027 101 3067 rat
116 3033 248 3083 expressus,
258 3020 328 3068 Triat.
342 3020 368 3068 ii.
386 3022 442 3069 426.
475 3023 565 3071 Seeun·
617 3020 697 3077 tintus,
709 3036 755 3068 non
766 3028 816 3068 erat
827 3019 969 3083 iuquietare
980 3028 1068 3082 posset,
1078 3018 1119 3066 ubi

62 3092 123 3141 dum
135 3102 214 3142 eutem
226 3094 289 3144 hunc
298 3094 369 3144 Triot.
377 3094 464 3143 librum
475 3104 567 3145 constat
617 3093 747 3142 sistendum
757 3102 821 3142 recto
829 3091 920 3158 judicio
930 3091 1040 3156 oportuit.

59 3165 186 3231 scriptino
202 3167 325 3224 Ovidium,
342 3178 367 3216 et
383 3168 413 3216 ad
430 3169 568 3233 Augustum
651 3169 707 3216 369.
726 3167 777 3215 Vita
792 3168 849 3214 datu
868 3175 909 3221 ert,
920 3164 980 3226 eta]
999 3165 1035 3212 Ex
1047 3164 1118 3214 Cice-

62 3239 169 3298 rniaioee,
179 3241 260 3291 atatim
274 3253 301 3291 ut
315 3243 339 3291 in
350 3243 453 3291 Pontum
464 3243 567 3293 advene·
619 3256 682 3297 rone,
694 3240 734 3304 qui
744 3238 843 3288 Tuscul.
856 3240 865 3284 l
880 3256 886 3283 ε
905 3244 921 3264 “
933 3237 967 3285 rlt
981 3252 1010 3285 ea
1021 3236 1119 3301 quidem

62 3312 106 3372 rit,
119 3313 216 3364 ineunte
232 3316 324 3366 scilieet
340 3317 433 3365 decimo
450 3333 464 3365 a
482 3318 570 3367 Christi
620 3315 732 3380 (natura)
746 3312 812 3362 dedit
822 3327 917 3360 uturum
928 3310 1120 3375 vitae,tamquam

62 3387 192 3438 munitate
216 3405 288 3439 auno.
322 3393 403 3449 Quum
424 3406 478 3439 vero
498 3391 571 3440 Druai
621 3385 814 3454 pecuniae‚nulla
830 3384 961 3449 praestituta
972 3383 1038 3432 die.'’
1071 3384 1121 3433 Lu·

65 3477 132 3511 mora
147 3461 173 3511 in
187 3479 275 3513 aunum
290 3464 463 3529 praecedentem
478 3464 569 3515 incide·
620 3473 679 3512 crat.
707 3476 810 3526 quoque,
838 3459 872 3506 iii.
892 3459 955 3505 984:
985 3465 1002 3485 ‘¹
1015 3457 1120 3523 Vitaqua

63 3535 107 3593 rit,
126 3536 222 3587 minima
242 3538 319 3603 potuit
336 3537 509 3595 Albinovanus,
528 3555 570 3587 seu
620 3536 738 3601 mancipio
747 3534 806 3583 nulli
817 3534 896 3589 datur,
907 3531 1016 3582 omnibus
1027 3532 1098 3582 uou.''

65 3610 148 3675 quivis
162 3618 243 3660 auctor
253 3611 314 3660 aliua
323 3611 394 3677 hujua
404 3611 504 3676 Elegia,
519 3628 570 3661 ver·
652 3610 816 3659 :trasenna
826 3609 868 3655 illu
875 3607 957 3670 terrm]
968 3608 1062 3656 Frustra
1069 3609 1120 3659 vul·

65 3699 122 3733 aum
138 3682 202 3732 hunc
213 3683 299 3733 Ouidio
313 3685 443 3750 aurnpere3
461 3701 505 3734 uec
518 3701 569 3750 pro·
620 3695 701 3749 gamm
715 3684 810 3732 annulli
828 3691 906 3729 tuetur
923 3680 1037 3744 Scaliger,
1050 3699 1123 3746 quem

67 3755 151 3806 habile
166 3759 242 3822 magia
258 3775 354 3808 carmen
368 3758 398 3807 de
413 3769 487 3807 morte
498 3759 571 3808 Drusi
621 3775 666 3808 nou
679 3757 770 3823 cepisse
783 3756 867 3804 mirum
882 3764 926 3812 est,
935 3771 964 3803 eo
973 3771 1043 3804 seusu
1053 3762 1122 3807 rusti·
1151 3758 1154 3768 ’

68 3840 121 3879 tam
143 3830 190 3879 cito
211 3831 241 3880 ad
261 3831 374 3881 Ovidium
393 3833 417 3880 in
438 3832 509 3881 exilio
528 3849 572 3881 suo
622 3850 675 3883 nere
690 3833 728 3881 hic
745 3830 917 3897 accipiendum,
928 3830 1010 3895 quoin
1023 3831 1123 3896 Epistol.

67 3904 213 3971 parvamne.
250 3905 376 3962 Praeterea,
408 3905 461 3970 quia
492 3904 573 3954 credat
623 3908 639 3956 i.
660 3909 720 3955 114:
747 3905 880 3970 “Respice
897 3905 1014 3963 Laerten3
1032 3906 1121 3970 utjam

67 3986 165 4044 poetam
186 3979 290 4028 omnium
311 3980 462 4035 uberrimum,
481 3995 510 4026 eo
530 3994 571 4044 pe·
623 3999 665 4031 sua
687 3981 778 4030 lumina
796 3979 894 4036 condas,
920 3980 1058 4028 Extremum
1079 3980 1122 4028 t'ati

69 4051 145 4100 aurit
170 4051 249 4101 subito
270 4052 401 4110 devenisse,
423 4063 450 4100 ut
469 4051 572 4100 alienum
622 4059 716 4104 sustinet
728 4055 768 4104 ille
779 4053 870 4103 diem.”
903 4052 950 4101 Ubi
961 4068 1011 4117 pro,
1022 4052 1046 4099 in
1057 4052 1123 4101 aliud

69 4125 135 4175 hunc
145 4125 170 4174 in
180 4142 224 4175 aua
234 4127 365 4191 reciperet!
397 4125 447 4184 Qui
457 4142 482 4175 se
495 4126 572 4190 ipsum
624 4138 718 4195 tempus
734 4127 825 4194 differri
840 4135 945 4192 exoptat,
962 4141 1019 4175 saue
1035 4134 1071 4173 eat
1086 4125 1123 4172 in·

69 4197 149 4256 antiae,
160 4214 202 4249 cnr
212 4199 285 4250 alium
296 4199 335 4248 hic
345 4200 510 4265 compilametl
625 4203 788 4268 telligendum.
