2806 5018
174 336 241 404 266

175 504 284 584 Talia
300 507 491 584 dicentem
510 509 646 583 tacitus
663 508 845 584 mirabar:
873 520 914 583 at
930 506 1008 593 illa,

466 335 507 401 P.
530 334 692 402 0le11
717 334 926 403 NASONIS

1149 513 1218 582 275

225 622 250 696 J
253 648 297 697 us
316 624 383 697 tibi
400 623 584 710 discendi,
603 624 636 695 si
653 647 730 719 qua
746 622 916 720 requiris,
936 623 1002 695 ait.

179 737 263 826 Dic,
284 740 367 826 dea,
386 740 572 827 ludorum,
590 740 780 837 respondi,
799 763 884 836 quae
901 737 952 811 sit
968 737 1088 833 origo,

226 855 302 929 Vix
320 855 417 929 bene
436 857 644 943 desieram;
675 854 819 929 rettulit
836 853 899 926 illa
915 852 1029 927 mihi:

180 968 329 1043 Caetern
345 971 504 1043 luxuriae
523 970 690 1044 nondum
708 969 955 1042 instrumenta
972 967 1172 1063 vigebant3

228 1084 305 1158 Aut
314 1109 444 1183 pecus,
457 1096 523 1158 aut
532 1085 647 1158 latam
660 1083 765 1156 dives
776 1082 941 1155 habebat
954 1082 1128 1155 humum.
1153 1086 1220 1154 280

179 1195 279 1271 Hinc
298 1200 413 1274 etiarn
429 1199 611 1298 locuples,
631 1198 718 1270 hinc
737 1199 819 1295 ipsa
835 1197 996 1295 pecunia
1012 1197 1120 1273 dicte
1136 1208 1210 1270 est:

228 1313 306 1388 Sed
319 1317 399 1412 jam
417 1316 465 1388 de
484 1316 599 1388 vetito
617 1314 778 1410 quisque
793 1313 949 1410 parabat
964 1337 1073 1410 opes.

177 1428 343 1503 Venerat
360 1430 398 1501 in
417 1452 558 1502 morem
578 1427 706 1526 populi
724 1428 928 1525 depascere
945 1428 1090 1516 saltus;

228 1538 351 1640 ldque
368 1544 432 1617 diu
451 1544 569 1629 licuit,
588 1567 777 1641 poenaque
795 1544 897 1616 nulla
912 1542 995 1616 fuit.

208 1861 346 1911 275430.
362 1861 483 1911 Ludorunr
491 1861 619 1912 Floralium
630 1863 674 1911 ori·

176 1950 207 2000 go
222 1934 253 1983 sd
268 1936 392 1986 veritatem
403 1937 543 2004 ‚bisonem
560 1945 674 1986 unietur.

175 2009 246 2058 Anno
263 2010 294 2060 U.
305 2010 336 2059 C.
347 2012 406 2060 51³.
419 2020 447 2061 ιιι
458 2011 508 2076 jem
526 2011 557 2060 td
573 2011 605 2060 iv.
616 2012 674 2060 94³.

176 2082 331 2140 sdrucuitum,
343 2083 447 2133 Publicii
458 2085 567 2134 Malleoli
582 2085 673 2141 indes,

175 2155 257 2207 ediles
276 2157 362 2223 plebis,
381 2173 455 2222 quum
475 2157 544 2207 nrulti
565 2156 629 2205 cives
650 2157 674 2205 in

176 2230 273 2351 plublice
283 2241 416 2295 pascerent,
427 2232 552 2296 peculatus
565 2245 605 2280 eos
619 2246 674 2279 con-

208 2312 326 2357 mnsruut.
338 2313 410 2368 etque
425 2320 440 2351 e
456 2304 558 2368 pecunie
570 2304 674 2352 multati·

177 2376 211 2424 tis
226 2376 295 2425 ludos
312 2377 386 2425 Flore
404 2377 571 2435 instituerunt;
588 2376 606 2424 ii
620 2393 674 2427 vero

175 2444 217 2496 diu
227 2448 360 2505 intermissi,
368 2449 465 2497 tandem
474 2465 535 2497 anno
543 2450 574 2498 U.
581 2449 610 2498 C.
618 2452 674 2500 580.

175 2518 203 2568 L.
215 2519 335 2569 Postumio
346 2520 444 2573 Albino.
456 2522 494 2569 M.
506 2520 607 2587 Popillio
622 2523 673 2571 Lie-

176 2601 232 2641 nste
240 2607 322 2641 coss-e
330 2593 466 2642 C.Servilio
476 2594 599 2643 instaurati
609 2605 673 2652 suut,

174 2674 200 2715 et
210 2666 335 2730 quotannis
349 2666 461 2732 deinceps
474 2667 602 2726 celebrati,
620 2668 674 2717 ride

174 2737 302 2802 Spsnbem.
313 2737 342 2787 de
354 2739 405 2787 Usu
423 2748 448 2788 et
459 2739 585 2790 Praesunt.
597 2742 672 2791 Num.

174 2819 232 2860 torn.
244 2810 269 2859 ii.
280 2829 304 2878 p.
317 2814 372 2861 tto.

207 2885 264 2934 2⁷9.
281 2884 437 2934 lustr-umente
446 2887 552 2942 lusorie,
561 2903 614 2951 quse
626 2902 672 2935 ser·

175 2958 243 3007 siunt
254 2959 361 3016 luxurio,
370 2959 392 3008 ei
404 2960 517 3008 alimenta
528 2960 671 3020 ministrant5

174 3030 275 3089 Plinius,
291 3032 323 3081 ix.
336 3035 379 3081 1³:
403 3040 419 3061 ‘'
430 3034 515 3088 Pollio,
532 3034 624 3097 sagacis
642 3033 673 3081 ed

174 3104 273 3155 luxurie
294 3105 450 3154 instrumente
469 3105 582 3170 ingenii.’'
621 3105 672 3159 sal-

174 3177 266 3233 lustius,
283 3178 381 3227 Catilio.
399 3195 455 3227 xxv.
473 3182 505 3227 2:
532 3186 549 3206 ‘⁸
562 3178 671 3243 psallere,

174 3252 261 3300 snltsre
270 3259 295 3300 et
305 3254 379 3301 mults
389 3252 444 3309 sliu,
455 3269 507 3318 quae
518 3253 673 3301 instrumenta

175 3324 303 3373 luxurirc.’'
336 3324 406 3375 Adde
425 3325 555 3382 Justinum,
571 3341 627 3372 xxx,
643 3324 672 3384 15

174 3396 260 3446 Cicero
276 3395 374 3447 catilin.
385 3398 410 3447 ii.
420 3402 445 3447 5.
455 3403 606 3447 iirstrumentn
623 3400 671 3446 oir-

177 3474 234 3519 tutis
253 3470 367 3519 similiter.
404 3473 512 3537 Vigebant
530 3472 628 3528 dictum,
646 3479 673 3519 ut

176 3543 259 3590 Horat.
269 3542 289 3589 Ι.
299 3543 375 3606 Satyr.
387 3544 422 3595 iii.
432 3546 462 3593 61
472 3563 477 3591 :
490 3551 567 3609 vigent
578 3548 617 3593 ubi
626 3548 672 3592 ιη’·

176 3617 247 3663 minc.
280 3615 363 3665 Latum
385 3618 487 3673 humum,
511 3618 571 3666 latos
595 3632 672 3681 egros.

177 3686 242 3734 Hinc
251 3691 327 3744 etium,
337 3697 384 3738 etc.
417 3691 455 3738 Sic
466 3699 490 3738 et
501 3688 594 3738 Plinius
604 3689 672 3738 xviii.

176 3762 207 3809 ³:
238 3768 256 3788 ‘⁴
269 3761 332 3811 Hinc
354 3773 378 3812 et
399 3764 529 3830 locupletes
550 3763 671 3822 dicebant,

176 3833 231 3890 loci,
254 3834 298 3883 boc
319 3844 355 3884 est
375 3839 425 3900 agri
444 3838 535 3900 plenos.
568 3836 674 3886 Pecuuis

176 3906 228 3972 ipse
245 3923 260 3956 s
279 3924 362 3972 pecore
379 3908 567 3974 appellabatur.”
600 3909 672 3958 Colu-

176 3980 250 4028 mella
259 3980 290 4029 vi.
302 3982 367 4045 pref.
378 3987 394 4008 “
407 3981 509 4028 Nomine
526 3980 632 4045 pecunie
648 3991 673 4030 et

175 4054 262 4118 peculii
275 4062 352 4102 tracte
362 4053 472 4102 videntur
481 4069 496 4101 s
506 4068 597 4118 pecore,
608 4057 673 4119 quod

175 4140 220 4174 non
241 4125 317 4174 solum
336 4134 427 4174 veteres
448 4124 610 4190 possederunt,
629 4128 672 4177 sed

725 1861 804 1911 sdhuc
824 1860 889 1926 spud
910 1859 1027 1926 quasdem
1048 1870 1133 1925 gentes
1152 1876 1219 1909 unuin

725 1942 849 2000 usurpatur
863 1933 997 1983 divitiarum
1011 1933 1118 1998 genus.”
1151 1932 1220 1983 Psslo

725 2009 793 2058 eliter
811 2007 904 2056 Plinius
921 2007 1003 2056 xxxiii.
1017 2009 1051 2056 δε
1069 2014 1088 2036 “
1100 2007 1219 2073 Signatum

724 2090 760 2130 est
777 2089 834 2131 ncta
850 2079 983 2145 pecudum:
1001 2080 1068 2130 unde
1082 2089 1109 2130 et
1123 2080 1219 2146 pecunie

725 2154 873 2221 sppellste.”
904 2155 949 2202 Sed
957 2157 1011 2216 jam
1026 2155 1056 2204 iis
1071 2154 1219 2221 temporibus,

724 2226 818 2291 quibus,
831 2227 913 2293 judice
930 2227 997 2276 Livio
1013 2226 1040 2275 in
1055 2227 1125 2292 pref.
1137 2236 1220 2293 quanto

723 2314 800 2348 rerum
814 2300 900 2355 minus,
911 2307 978 2348 tento
993 2299 1073 2349 ruinns
1087 2298 1220 2366 cupiditstis

724 2381 781 2429 eret,
793 2371 927 2421 nitebantur
936 2371 961 2420 iu
971 2374 1078 2420 ιιιιίιιιιιι.

756 2447 812 2494 283.
839 2445 925 2502 Saltus,
945 2460 1051 2510 pascum
1079 2444 1136 2496 vide
1156 2445 1219 2496 ctu.

724 2517 802 2568 Cicer.
812 2517 837 2566 in
847 2518 892 2567 boc
903 2518 990 2585 socsb.⁴
1010 2518 1042 2566 Et
1053 2534 1120 2569 nnnc
1129 2518 1219 2586 publice

723 2607 813 2657 pascue
838 2591 1011 2657 intelliguntur.
1045 2592 1117 2642 Telis
1137 2607 1219 2661 pessus

723 2664 827 2713 babebat
841 2666 931 2713 'multe
960 2665 1065 2731 populns
1093 2666 1218 2722 Romu

724 2738 787 2786 unde
803 2739 951 2787 luculentum
964 2739 1074 2804 vectigal¹
1089 2756 1172 2805 quum,
1181 2738 1216 2805 qui

723 2827 819 2876 pascere
830 2811 854 2860 in
871 2812 900 2861 iis
910 2812 1008 2869 vellent,
1019 2829 1063 2879 pro
1074 2814 1173 2880 singulis
1183 2830 1217 2881 pe

722 2885 815 2934 coribus
836 2895 925 2933 certum
947 2886 1075 2949 pecuniam
1097 2889 1216 2938 solverent.

722 2958 739 3006 J
739 2975 767 3007 us
777 2959 889 3024 pascendi
905 2959 1034 3016 hebebnut,
1045 2971 1171 3026 postquem
1182 2977 1216 3010 no

723 3032 787 3080 mina
798 3047 841 3080 sua
851 3032 994 3089 detulerant,
1003 3041 1077 3098 etque
1088 3035 1155 3101 epud
1165 3036 1216 3100 pub

722 3104 826 3153 licauurn
842 3105 1037 3170 subscripserant,
1049 3108 1115 3157 uude
1126 3107 1217 3173 vecrigrl

722 3176 782 3225 illud
803 3182 919 3240 scripturn
938 3177 1073 3237 dicebatur,
1095 3182 1161 3246 quod
1183 3182 1216 3230 din

722 3264 795 3298 unum
807 3251 908 3315 vectigal
926 3250 986 3310 tuin
1004 3252 1060 3301 ride
1075 3252 1146 3304 clav.
1157 3254 1216 3304 Cice

722 3338 771 3370 rou.
783 3323 827 3373 boc
838 3325 921 3373 vocab.
932 3334 1005 3389 etque
1016 3326 1183 3378 Bnrnrennum
1191 3327 1215 3376 de

722 3396 893 3460 vectigalibus,
909 3413 962 3462 cap.
980 3397 1014 3446 iv.
1047 3399 1096 3449 Sed
1113 3402 1181 3451 multi
1195 3415 1215 3449 se

721 3470 891 3520 subtrahebant
911 3471 933 3520 ei
950 3471 1025 3528 oneri,
1042 3475 1215 3524 conniventibus

721 3539 758 3600 iis,
771 3544 857 3606 quibus
875 3544 926 3609 ejus
942 3543 976 3592 rei
994 3560 1054 3595 cure
1070 3547 1138 3606 dete,
1152 3560 1214 3615 etque

721 3614 783 3664 clam
795 3627 901 3666 nrnreutn
911 3617 969 3666 illuc
980 3618 1120 3684 abigebant.
1140 3623 1215 3688 ltaque

722 3691 813 3754 vulgos,
830 3691 938 3756 populus,
953 3707 996 3739 suc
1010 3695 1107 3754 putum
1124 3698 1215 3745 semlot

721 3765 787 3811 nullo
805 3767 903 3821 vindice,
917 3764 952 3814 sic
975 3765 1089 3825 habebnt.
1110 3779 1137 3819 ut
1156 3783 1214 3819 nemo

722 3835 866 3900 depascendi
878 3854 965 3887 rnorem
977 3852 1108 3892 coerceret.
1142 3845 1212 3893 tim·

723 3913 756 3958 tia
772 3911 813 3959 illu
827 3927 855 3960 eo
869 3927 991 3977 progressa
1005 3922 1051 3972 cst,
1063 3924 1091 3964 ut
1102 3926 1211 3982 tanquan

722 3986 813 4041 inertes,
825 3985 910 4042 timidi,
923 3984 1066 4046 riderentur,
1076 3991 1118 4054 qui
1135 3990 1159 4039 in
1174 3986 1210 4056 pri·

722 4068 919 4124 vatopnscerent.
