2806 5018
175 349 219 415 88
459 347 497 410 P.
521 344 682 411 OVIDII
706 342 918 409 NASONIS

175 514 409 606 Hinc'tonat
425 520 511 592 hinc
527 519 651 592 missis
666 516 901 614 abrumpitur
913 514 1065 612 ignibus
1078 515 1215 589 aether:

224 638 286 711 Fit
303 638 413 734 fuga3
443 660 511 710 rex
528 634 658 734 patriis
676 644 777 708 astra
795 634 951 731 petebat
967 629 1092 728 equis.
1149 634 1216 703 496

177 752 320 827 Luctus
338 764 429 839 erat,
449 751 629 849 falsaeque
648 760 774 849 patres
792 746 1004 822 incrimine
1023 746 1155 833 caedis,

225 867 487 965 Haesissetque
505 865 640 940 animis
657 865 811 939 forsitan
830 865 895 937 illa
911 864 1006 938 fides
1022 863 1038 936 :'

176 983 253 1058 Sed
272 982 456 1056 Proculus
473 983 588 1076 longa
604 980 779 1054 veniebat
795 977 919 1052 Julius
937 978 1060 1066 Alba3

228 1097 411 1196 Lunaque
429 1097 618 1193 fulgebat3
647 1120 716 1169 nec
736 1095 829 1171 facis
846 1120 937 1170 usus
955 1106 1057 1169 erat:
1153 1099 1219 1167 500

178 1213 303 1299 Quum
322 1215 448 1288 subito
467 1224 571 1287 motu
589 1214 708 1287 nubes
726 1235 905 1309 crepuere
924 1206 1100 1284 sinistrae.

224 1329 387 1404 Rettulit
405 1330 468 1402 ille
486 1329 641 1424 gradus*
656 1330 956 1424 horrueruntque
974 1324 1109 1399 comae.

173 1443 336 1518 Pulcher
354 1455 393 1516 et
409 1444 573 1517 humano
589 1446 720 1541 major,
739 1446 946 1540 trabeaque
963 1442 1129 1516 decorus

224 1558 408 1632 Romulus
426 1559 464 1631 in
481 1560 605 1634 media
623 1561 725 1634 visus
744 1562 877 1635 adesse
896 1557 966 1643 via,

173 1796 244 1846 bibus
254 1805 318 1847 tecta
332 1800 505 1859 obscurantnr;
527 1800 629 1849 Metam.
639 1801 672 1849 iv.
724 1810 830 1850 mentum
836 1808 939 1856 secutus,
948 1801 1029 1848 lissum
1029 1798 1166 1864 fulgentem
1173 1813 1220 1845 rne-

174 1872 231 1920 437.
264 1873 385 1934 Abmmpi,
417 1872 501 1929 scindi,
534 1873 674 1924 fulminibus
724 1884 807 1923 morat.
839 1873 952 1938 Scaliger,
964 1872 1004 1937 qui
1016 1880 1107 1921 temere
1118 1873 1221 1921 sumebat

176 1945 265 1994 coelum
276 1946 362 2010 passim
373 1945 468 1995 dicitur.
484 1946 615 1996 Praeivernt
624 1950 673 1997 Ln-
725 1948 854 1997 Romulum
865 1934 959 2011 raptum
969 1945 1156 1995 essedeficiente
1167 1946 1221 2001 sole,

176 2021 272 2076 cretius,
295 2019 320 2067 ii.
340 2021 397 2068 314.
418 2019 548 2087 “abruptis
572 2021 674 2070 nubibus
724 2029 804 2070 notat:
827 2021 926 2070 oblitum
936 2019 973 2070 sui
985 2035 1037 2069 esse
1047 2020 1174 2077 Ovidium,
1184 2018 1222 2084 qui

175 2091 242 2156 ignes
253 2090 420 2141 concursant?
437 2093 522 2157 Virgil.
535 2093 630 2142 AEneid.
640 2094 674 2144 iii.
724 2094 749 2143 in
760 2094 887 2143 interlunio
898 2094 989 2143 fulsisse
1000 2092 1084 2141 lunam
1094 2093 1170 2142 dicat.
1190 2094 1223 2141 Ea

177 2168 240 2215 199:
260 2173 276 2195 ‘⁴
286 2167 438 2230 Ingeminant
450 2166 557 2231 abruptis
571 2167 675 2217 nubibus
725 2177 781 2217 nota
801 2177 878 2216 motus
898 2169 1050 2216 Burmannus
1074 2166 1222 2231 conjiciebat.

175 2239 267 2304 ignes?
293 2240 352 2289 vid.
365 2239 675 2298 Drakenh.adSilium‚iii.
725 2242 809 2290 vitium
825 2243 884 2290 forte
903 2257 954 2290 esse
972 2240 997 2288 in
1013 2240 1056 2288 illo
1063 2240 1188 2305 fulgebat,
1201 2249 1223 2288 et

179 2314 233 2361 196.
726 2316 823 2362 verbnm
834 2314 912 2362 forsan
928 2313 1001 2362 fuisse
1016 2328 1064 2377 quo
1080 2312 1180 2362 latuisse
1190 2312 1223 2360 ln·

206 2386 264 2433 496.
281 2384 303 2432 Α
312 2384 378 2450 fuga
392 2383 551 2433 multitudinis
566 2385 617 2434 dies
633 2386 674 2435 ille
726 2403 782 2435 nam
800 2387 872 2435 Ovid.
891 2386 993 2447 dixerit3
1020 2385 1045 2434 in
1066 2385 1174 2435 tenebris
1187 2402 1223 2434 sn-

172 2460 253 2520 populi
262 2458 364 2523 sagium
386 2458 472 2514 dictus,
493 2457 509 2517 ἡ
531 2461 613 2520 τροπὴ
632 2462 675 2509 τοῦ
725 2459 775 2508 bito
793 2459 916 2509 emicuisse
937 2459 1024 2523 fulgur,
1042 2468 1116 2524 atque
1132 2458 1168 2507 ita
1183 2474 1223 2523 ap-

176 2531 298 2591 πλήθοος.
332 2531 432 2596 Dionys.
443 2532 461 2578 i.
469 2532 509 2580 56.
543 2532 622 2580 livius
633 2532 675 2590 ait,
725 2534 830 2598 paruisse
858 2534 996 2582 Romulum.
1028 2532 1078 2581 Sed
1103 2533 1155 2581 hac
1176 2535 1223 2581 sine

175 2603 307 2652 Romulum
322 2606 437 2652 nrblimem
452 2614 556 2666 ruptum
576 2605 675 2669 Dionys.
726 2622 798 2656 causa
809 2607 865 2673 fingi
881 2608 959 2655 elucet
975 2606 1053 2664 exiis,
1064 2623 1121 2671 qun
1136 2606 1168 2655 ad
1178 2622 1224 2655 rer.

175 2677 226 2728 ὑπὸ
246 2681 289 2726 τοῦ
310 2679 405 2742 πατρὸς
421 2676 514 2742 Ἀρεως
536 2680 581 2727 τὸν
597 2678 675 2744 ἄνδρα
728 2682 787 2728 493.
800 2681 940 2729 monuimus.
972 2681 1125 2745 Deseritur,
1143 2681 1226 2745 quibus

175 2750 347 2816 ἀνηρπάσθαι.
377 2752 440 2799 Hinc
452 2752 590 2813 figmentum
601 2753 676 2817 poeti·
726 2763 798 2803 noctu
811 2754 855 2803 iter
870 2753 985 2803 facientes
995 2756 1030 2802 uti
1040 2755 1160 2810 solebant,
1173 2753 1224 2802 vide

176 2840 231 2874 curn
241 2824 349 2881 accessit,
360 2841 424 2881 eum,
433 2836 459 2873 ut
469 2825 574 2874 Ariadne
584 2826 675 2874 Bacchi
726 2827 757 2875 ad
769 2829 869 2876 Metam.
880 2826 897 2876 i.
908 2829 964 2876 493.
982 2827 1082 2889 Crepm
1091 2827 1121 2877 de
1132 2827 1225 2876 tonitru.

175 2896 292 2962 lyncibus,
311 2896 345 2945 sic
364 2899 450 2944 Martis
470 2901 530 2959 equis
547 2897 571 2946 in
588 2899 676 2947 coelum
726 2903 784 2949 AEn.
805 2902 848 2950 xii.
870 2903 929 2951 922.
957 2908 1025 2950 “nec
1046 2900 1148 2949 fulmine
1169 2898 1225 2948 tarsu

175 2979 314 3018 assumtum.
342 2969 421 3018 Etiam
433 2970 552 3027 Horatius,
564 2970 614 3018 111.
626 2970 674 3020 Od.
727 2973 862 3022 Dissultant
873 2975 999 3040 crepitus.”
1017 2975 1119 3023 Sinistra
1129 2974 1226 3038 auguria

175 3042 211 3092 iii.
226 3045 269 3093 15:
288 3049 305 3071 “
314 3044 367 3092 Hae
378 3044 492 3103 Quirinus
507 3044 593 3092 Martis
607 3045 675 3108 equis
724 3063 767 3096 cur
780 3046 962 3104 lausianensi,
975 3048 1061 3113 querit
1072 3048 1223 3102 Plutarchus,

175 3116 410 3182 Acherontafugit.”
446 3117 544 3165 Plenius
558 3116 617 3165 illud
632 3117 676 3165 iter
725 3123 816 3178 Quum.
837 3122 909 3169 Rom.
936 3139 960 3186 p.
981 3121 1037 3171 139.
1074 3121 1225 3170 Horrueruru

174 3192 282 3249 coeleste,
302 3193 404 3239 Metam.
426 3191 474 3239 xiv.
494 3191 542 3239 816
559 3207 615 3255 sqq.
633 3190 674 3238 de·
724 3212 797 3243 cumn.
831 3194 883 3243 Lir.
894 3196 1029 3260 “perfusus
1044 3195 1140 3244 horrore
1156 3211 1225 3245 vene·

174 3265 293 3314 scribitur.
725 3268 920 3333 rabundusque.’'
938 3263 1077 3318 (31111331
1091 3285 1146 3332 sqq.

208 3342 265 3387 497.
284 3341 323 3388 De
343 3342 401 3388 rude
420 3339 463 3388 illa
480 3340 579 3403 ejusque
598 3338 675 3386 causis
758 3344 814 3391 503.
825 3343 1021 3404 Humanomujor‚
1032 3342 1108 3391 forma
1116 3352 1224 3407 augusta.

175 3411 230 3460 vide
245 3413 344 3474 Dionys.
353 3413 369 3460 i.
378 3414 417 3459 56.
451 3412 675 3477 Fider,opinio‚cui
726 3431 778 3479 quae
791 3415 845 3463 Diis
856 3415 928 3463 tribui
938 3416 1039 3464 solebat.
1072 3415 1165 3473 uvius,
1176 3415 1194 3463 i.
1204 3417 1226 3463 7.

176 3485 235 3533 fides
256 3483 363 3532 habetur.
397 3485 465 3532 Illico
487 3488 568 3533 Patres
590 3485 676 3549 populo
725 3489 856 3537 “habiturn
871 3487 1017 3553 formamque
1034 3487 1226 3551 virifflrrcutir)

176 3565 352 3622 persuaserunt,
374 3557 503 3605 Romulum
525 3559 555 3605 ad
575 3560 677 3622 Superos
725 3562 872 3626 aliquantum
894 3562 1032 3626 ampliorem
1055 3563 1226 3626 augustiorem·

177 3638 287 3693 raptum;
304 3629 342 3676 cui
360 3629 502 3692 persuasioni
521 3639 603 3694 postea
618 3646 674 3678 con·
725 3650 771 3698 quc
782 3634 1229 3698 hnmanaintuens.''ApudPlutarch.

177 3702 229 3750 silio
241 3701 335 3749 Proculi
346 3701 404 3750 fides
415 3702 508 3750 addita.
526 3705 605 3752 Julius
618 3705 675 3751 Pro·
726 3709 843 3756 Romulus
859 3709 959 3756 Proculo
977 3717 1076 3774 apparet
1092 3710 1171 3768 καλὸς
1188 3710 1228 3758 sul

177 3777 244 3823 culus
260 3774 363 3822 Romulo
378 3775 507 3832 familiaris,
521 3793 581 3824 unus
594 3793 622 3824 cx
638 3777 675 3834 iis,
725 3780 811 3846 μέγας,
822 3782 855 3839 ὡς
865 3782 955 3830 οὔποτε
972 3781 1092 3846 πρόσθεν,
1101 3781 1194 3841 ὅπλοις
1203 3781 1227 3832 δὲ

177 3848 218 3911 qui
235 3847 299 3894 Alba
313 3862 366 3894 cum
381 3863 410 3895 eo
421 3850 630 3912 commigraverunt
645 3851 675 3898 ad
725 3854 851 3919 λαμπροῖς
862 3858 903 3903 καὶ
913 3853 1027 3920 φλέγουσι
1038 3846 1230 3919 κεκοσμημένος.

178 3921 280 3968 Romam
297 3921 452 3971 condendam.
486 3923 606 3972 Plutarch.
623 3924 675 3972 d.l.
726 3928 757 3974 Et
777 3943 842 3976 arma
861 3930 919 3977 satis
947 3927 1066 3976 decebant
1086 3928 1228 3977 bellicosum

178 3993 207 4040 Ei
225 3992 354 4041 secundum
372 3994 426 4042 Liv.
444 3995 561 4044 Romulus
577 4013 674 4061 appare·
727 4001 813 4049 Deum.
846 4001 893 4049 Sed
910 4001 1012 4050 Ouidius
1027 4005 1105 4050 trabea
1120 4001 1230 4051 eumde-

177 4067 219 4114 bat
239 4069 314 4127 prima
336 4069 396 4115 luce.
431 4068 478 4115 Sed
500 4070 609 4127 Ovidius,
626 4072 675 4120 sive
726 4074 1003 4140 coravit,dequavide
1022 4075 1052 4125 ad
1069 4074 1086 4124 i.
1103 4077 1146 4124 37.
1182 4076 1230 4125 Nec

178 4138 249 4189 uliam
269 4139 427 4199 traditionem,
448 4141 497 4190 sive
518 4159 586 4192 suurn
611 4160 674 4193 com·
727 4150 819 4204 violent,
837 4158 883 4199 etc.
904 4148 1047 4213 exquisitius
1063 4159 1090 4199 et
1109 4148 1232 4199 divinitati
