2806 5018
168 340 235 404 434
416 341 483 402 AD
507 336 681 403 LIVIAM
703 335 973 402 AUGUSTAM

173 509 224 583 Et
240 511 392 584 tandem
410 511 577 607 trepidos
594 512 737 598 vultus;
760 510 874 607 inque
892 511 960 584 illa
977 507 1154 583 ferocum

224 624 356 698 Invitis
374 625 547 698 lacrimas
565 624 740 699 decidere
757 648 823 697 ora
840 626 963 720 genis.
1155 622 1216 691 276

176 739 337 838 Spiritus
357 740 418 812 ille
437 740 579 826 minax,
595 750 633 811 et
653 739 766 812 Drusi
783 751 904 813 morte
923 739 1133 837 superbus,

225 854 403 927 Carnifici
422 855 460 927 in
478 865 613 927 moesto
630 877 780 928 carcere
798 854 946 927 dandus
966 854 1057 928 erit.

176 969 403 1056 Consistam,
423 970 596 1065 laetisque
612 970 745 1056 oculis,
766 969 972 1067 lentusque
991 969 1135 1042 videbo

228 1085 355 1159 Strata
374 1110 439 1182 per
456 1086 651 1157 obscaenas
669 1109 825 1181 corpora
839 1085 942 1157 nuda
954 1085 1054 1158 vias.
1156 1085 1217 1153 280

178 1199 290 1273 Hunc
309 1203 454 1273 Aurora
470 1201 584 1284 diem,
604 1201 822 1297 spectacula
839 1211 945 1273 tanta
963 1200 1166 1281 serentem,

226 1314 350 1398 Quam
370 1315 530 1412 primum
549 1316 692 1388 croceis
710 1315 857 1388 roscida
874 1327 1006 1413 portet
1023 1315 1152 1412 equis.

179 1429 313 1526 Adjice
335 1429 501 1513 Ledaeos,
520 1430 721 1502 concordia
738 1430 872 1516 sidera,
892 1429 1058 1516 fratres;

227 1543 462 1641 Templaque
484 1543 656 1616 Romano
674 1544 942 1641 conspicienda
959 1544 1059 1618 soro.

177 1657 301 1741 Quam
320 1681 432 1756 parvo
451 1682 625 1730 numeros
645 1659 814 1756 implevit
830 1659 1019 1757 principis
1036 1683 1134 1744 aevo,
1159 1660 1220 1729 285

231 1773 273 1845 ln
293 1773 451 1870 patrium
470 1773 613 1847 meritis
630 1775 886 1870 occubuitque
905 1775 1055 1848 senex!

179 1889 261 1964 Nec
279 1913 348 1962 sua
365 1888 585 1986 conspiciet,
598 1890 775 1963 miserum
793 1889 873 1963 me!
895 1914 1062 1964 munera
1072 1889 1219 1969 Drusus,

230 2004 313 2078 Nec
327 2028 396 2077 sua
416 2029 482 2102 pro
501 2007 632 2103 templi
651 2006 802 2079 nomina
818 2004 941 2078 fronte
954 2006 1087 2102 leget!

181 2120 293 2218 Soepe
312 2119 426 2204 Nem,
447 2120 685 2208 illacrimans,
698 2120 887 2193 submissa
899 2144 996 2194 voce
1013 2120 1207 2217 loquetur:

231 2235 311 2307 Cur
328 2236 423 2308 adeo
441 2235 585 2322 fratres,
606 2237 700 2310 heu!
728 2238 808 2310 sine
826 2235 955 2321 fratre,
978 2235 1117 2310 Deost
1160 2235 1221 2305 290

181 2349 319 2423 Certus
338 2375 420 2423 eras
438 2376 644 2448 nunquam,
664 2353 734 2424 nisi
748 2352 877 2438 victor,
899 2350 1047 2437 Druse,
1063 2348 1202 2425 reverti.

230 2462 322 2536 Haec
341 2476 378 2537 te
396 2466 606 2540 debuerant
623 2479 813 2564 tempora:
843 2467 965 2539 victor
984 2491 1087 2540 eras.

210 2609 268 2656 280.
283 2609 363 2657 Strata
389 2625 430 2669 prr
455 2612 563 2657 ulmum
585 2627 679 2672 corpora
729 2609 940 2674 mensuramspud
952 2620 1066 2675 posteros
1080 2611 1165 2659 inrum
1176 2622 1220 2655 cur·

179 2682 243 2727 nudo
252 2681 318 2744 sins]
332 2683 386 2730 Mos
396 2693 446 2730 erat
454 2683 582 2732 occisorum
591 2684 614 2731 in
626 2701 677 2732 car·
728 2692 840 2730 secraret.
873 2682 913 2729 De
928 2682 974 2731 illa
991 2684 1081 2749 templi
1093 2679 1222 2732 &neoda

177 2768 231 2801 cers
252 2770 348 2818 corpore
369 2756 434 2804 nuda
452 2756 516 2804 soede
533 2758 614 2821 projici
635 2774 678 2821 per
729 2755 793 2819 quod
810 2755 866 2803 olim
885 2755 973 2804 Furius
991 2766 1105 2809 voverat,
1125 2757 1222 2804 imum·

178 2826 229 2875 virs
240 2829 336 2886 viciuas,
349 2846 402 2893 qun
414 2829 467 2877 ideo
478 2835 587 2885 obscene,
597 2830 621 2878 id
632 2842 676 2887 est,
728 2827 790 2876 tione
806 2828 912 2876 meminit
928 2845 1032 2893 quoquc
1043 2830 1147 2879 Ovidius
1156 2829 1221 2877 ron

178 2901 240 2949 male
254 2903 362 2950 ominoau
380 2904 542 2951 habebuntur:
562 2919 676 2951 memora·
728 2916 778 2947 rum
791 2902 851 2949 libro
861 2902 878 2947 i.
889 2902 938 2949 637
951 2919 1007 2966 sqq.

178 2983 262 3039 turque
282 2991 296 3023 e
315 2977 398 3031 Dione,
416 2976 474 3024 lviii.
493 2986 525 3024 tot
545 2976 605 3024 inter
622 2993 675 3041 que
759 2976 816 3023 285.
833 2974 909 3027 Quum
926 2993 1002 3036 paruo
1015 2995 1126 3025 numeror
1140 2976 1220 3036 inplet*

178 3050 257 3112 Sejaui
285 3061 382 3098 mortem
410 3049 584 3114 portenderent,
612 3051 675 3114 quod
725 3050 836 3109 principis
851 3048 924 3110 evol]
946 3050 1085 3114 Eleganter
1105 3048 1221 3099 admodum

178 3123 238 3170 servi
249 3125 309 3188 ejus,
322 3140 351 3172 eo
361 3123 411 3188 ipso
424 3124 463 3171 die
475 3139 521 3186 quo
536 3134 620 3187 captus
632 3132 676 3179 est,
726 3137 786 3185 pro:
814 3137 887 3186 quam
917 3123 987 3171 brevi
1018 3140 1137 3172 annorum
1160 3119 1221 3186 sptu't

179 3196 203 3243 in
221 3197 282 3244 vium
299 3198 436 3245 diverterint
452 3213 505 3260 quae
523 3197 626 3245 ducebat
645 3198 675 3246 ad
726 3194 835 3258 princeps
849 3196 941 3244 exstitit
952 3198 1065 3246 numeris
1074 3199 1178 3247 omnibns
1189 3195 1220 3242 sl

178 3284 303 3324 carcerem,
313 3270 421 3334 lapsique
432 3268 561 3317 ceciderint
573 3285 613 3332 per
624 3286 674 3318 sca-
726 3268 832 3316 solutus!
851 3268 988 3318 Numerum
1006 3271 1152 3336 adimplevit
1163 3269 1220 3315 rirte

178 3341 213 3388 las
224 3342 360 3390 Gemonias
369 3343 549 3391 descendentes.
726 3351 785 3395 tum,
797 3357 850 3404 quas
862 3342 998 3406 principem
1011 3345 1149 3394 absolvunt.

210 3417 268 3463 28³.
290 3419 370 3477 Adjicr
392 3417 488 3470 Ledeos,
507 3421 627 3464 concordis
647 3422 675 3464 ri·
758 3414 814 3460 290.
838 3414 888 3460 Cur
908 3417 967 3462 adso
980 3419 1091 3478 frutra.
1111 3417 1168 3464 W
1183 3416 1220 3460 ἐκ

177 3491 242 3543 dero,
253 3489 359 3551 fratres]
378 3498 395 3516 ‘⁶
412 3491 456 3537 llis
471 3490 536 3549 (Tib.
549 3497 573 3535 et
584 3489 673 3547 Drus.)
717 3485 807 3548 fratre,
821 3488 878 3534 Deos
887 3488 908 3549 !]
920 3489 1075 3539 Verbasuut
1085 3486 1220 3542 ltuento-

176 3561 224 3607 sciu
251 3560 361 3624 equidem
388 3563 478 3611 nullum
507 3561 581 3617 uliud,
602 3578 674 3625 quum
726 3558 796 3606 lentis
813 3560 878 3621 quod
896 3561 950 3608 sine
966 3563 1054 3620 fratre,
1071 3562 1220 3627 Dmfurm

177 3633 280 3681 Castoris
301 3645 325 3682 et
348 3636 461 3692 Pollucis,
480 3637 599 3701 specimen
620 3652 674 3684 con·
725 3632 803 3687 adeat.
814 3633 882 3681 Cut-
891 3645 916 3681 01
927 3635 1028 3684 Polluc·
1041 3639 1068 3686 in
1078 3638 1152 3686 odem
1163 3648 1220 3700 qut·

177 3706 310 3767 sauguinem
324 3708 445 3757 charitatis
457 3709 622 3757 convenienter
633 3710 675 3758 ad·
725 3704 781 3768 ipsis
800 3706 907 3754 dicabat·
942 3709 1038 3758 Sensus
1054 3712 1127 3777 plane
1146 3708 1220 3759 oblim·

173 3776 322 3840 jiciposse.''
352 3781 561 3831 Val.lt1u.v.5.
588 3783 675 3831 Purida
725 3787 749 3825 et
759 3779 860 3826 effectus
870 3779 971 3843 quidem
983 3781 1155 3832 dulcissimus:
1171 3778 1220 3829 unde

179 3848 228 3895 lrec
240 3850 335 3911 quidem
350 3852 471 3912 adulatio,
488 3864 580 3902 constat
595 3865 674 3903 tumen
725 3867 770 3898 non
781 3852 850 3900 video
860 3852 919 3917 quid
938 3856 1095 3921 Setligerum
1109 3855 1219 3923 impul&-

176 3920 295 3969 'liberium
320 3924 458 3972 Concordia)
484 3940 508 3975 et
535 3928 673 3976 Ledreorum
725 3935 751 3971 ut
768 3924 874 3987 legeret:
893 3928 974 3977 “Cur
990 3931 1067 3988 adeo,
1080 3933 1158 3988 irater,
1171 3927 1218 3978 hu!

176 3994 240 4042 edes
250 3995 399 4051 instaurasse,
408 4013 497 4062 suoque
507 4011 531 4049 et
542 4002 613 4049 Drusi
626 4001 671 4048 lra—
723 3997 772 4047 sine
781 3999 852 4048 fratrc
864 4010 905 4049 tuo
915 4018 944 4050 es
954 4003 981 4051 l’'

176 4068 216 4115 tris
225 4068 671 4137 nomine,licetdesuncti,inscripsisse,
754 4073 894 4122 291-292.
925 4078 1015 4127 Certus
1037 4098 1088 4128 em
1110 4095 1217 4141 semma

175 4149 200 4187 ut
221 4141 339 4195 amicitie.
358 4158 412 4206 quru
428 4144 491 4192 rivos
510 4147 671 4209 conjunxerat,
722 4147 766 4192 uiri
778 4149 858 4202 uictor,
869 4149 931 4211 eto]
946 4151 1049 4210 Fixum,
1063 4154 1216 4213 immotumque
1261 4146 1263 4151 ¹
