2806 5018
367 351 628 419 FASTORUM
652 354 742 419 LIB.
768 355 797 419 1.
1063 359 1106 422 17

56 525 171 614 Risit,
190 536 243 614 et,
262 525 297 598 Ο
315 549 431 623 quam
448 536 488 600 te
504 525 639 601 falhrut
655 538 721 602 tua
737 530 888 617 saecula,
906 528 1016 616 dixit,

106 641 183 727 Qui
200 641 299 740 stipe
316 642 392 717 mel
410 650 535 716 sumta
551 642 698 722 dulcius
716 667 800 717 esse
818 645 950 742 putes!

52 757 132 832 Vix
150 782 222 855 ego
240 759 404 833 Saturno
421 781 653 857 quemquam
670 767 852 855 regnante
868 759 1056 848 videbam,

107 873 231 972 Cujus
248 898 323 948 nou
339 873 464 948 animo
480 874 608 948 dulcia
624 876 879 950 lucra'soreut.

53 987 244 1088 Tempore
265 991 384 1065 crevit
407 1014 522 1079 amor,
542 991 608 1088 qui
630 1015 730 1065 nunc
752 1002 813 1067 est
834 1016 1016 1081 summus,
1035 993 1100 1066 ha-

205 1106 338 1184 bendi:
1033 1111 1104 1184 195

106 1220 183 1295 Vix
200 1222 310 1310 ultra,
330 1245 407 1319 quo
418 1222 499 1319 jaiu
516 1220 788 1320 progrediatur,
807 1222 936 1296 babet.

54 1333 182 1409 Pluris
196 1359 288 1435 opes
302 1360 403 1411 nunc
417 1346 518 1425 sunt,
526 1361 642 1435 quam
652 1337 766 1436 prisci
777 1336 958 1436 temporis
972 1338 1097 1426 aunis;

110 1450 212 1527 Dum
230 1452 391 1552 populus
408 1474 564 1552 pauper,
582 1451 674 1525 dum
692 1474 789 1526 nova
807 1453 931 1526 Roma
947 1451 1038 1540 fuit3
1093 1458 1098 1464 '

56 1567 163 1643 Dum
185 1592 276 1644 casa
292 1567 548 1666 Martigenam
562 1569 739 1667 capiebat
756 1593 871 1668 parva
889 1568 1100 1656 Quirinum,

110 1683 163 1760 Et
177 1684 295 1758 dabat
311 1684 488 1781 exiguum
506 1684 672 1759 fluminis
689 1685 775 1759 ulva
791 1694 928 1759 torum.
1030 1688 1105 1759 200

55 1796 209 1897 Jupiter
226 1810 387 1894 angusta
401 1798 465 1872 vix
482 1808 584 1873 totus
601 1799 727 1873 stabat
742 1800 782 1872 in
799 1799 902 1889 aede3

110 1913 235 2012 Inque
252 1913 356 1989 Jovis
373 1914 509 1991 dextra
525 1915 641 1991 fictile
658 1914 801 1995 fulmen
817 1927 910 1991 erat.

58 2029 272 2105 Fraudibus
285 2032 482 2118 ornabant,
497 2055 584 2130 quae
599 2054 699 2104 nunc
714 2030 905 2128 Capitolia
922 2033 1102 2128 gemmis,

100 2145 377 2243 *Pascebatque
394 2171 481 2222 suas
499 2147 581 2245 ipse
598 2156 749 2220 senator
765 2169 867 2220 oves.

59 2260 146 2337 Nec
163 2261 283 2361 pudor
300 2263 339 2335 in
356 2263 496 2362 stipula
511 2261 699 2361 placidam
716 2262 864 2360 cepisse
883 2262 1064 2360 quietem,
1081 2335 1084 2346 ,

111 2378 195 2454 Nec
212 2377 352 2453 foenum
369 2378 484 2476 capiti
504 2377 760 2476 supposuisse,
778 2376 860 2451 fuit.
1031 2380 1104 2452 206

56 2493 83 2568 J
85 2518 154 2568 ura
171 2494 286 2569 dabat
302 2494 452 2593 populis
471 2494 594 2592 posito
610 2495 722 2568 modo
739 2495 870 2567 consul
888 2505 1022 2580 aratro,

111 2609 164 2684 Et
180 2609 271 2684 levis
288 2610 432 2705 argenti
449 2609 588 2683 larniua
604 2610 745 2683 crimen
762 2621 854 2683 erat.

59 2725 113 2799 At
131 2735 332 2824 postquam
351 2720 516 2799 Fortuna
532 2724 605 2799 loci
622 2735 737 2823 caput
754 2726 891 2800 extulit
906 2726 1030 2824 hujus,

110 2839 162 2914 Et
179 2841 303 2938 tetigit
319 2864 486 2915 summos
503 2843 643 2915 vertice
663 2841 785 2914 Roma
804 2841 928 2915 Deos:
1030 2843 1104 2912 210

91 3087 414 3154 207.Ccnisriii.'179sqq.
432 3089 558 3138 Aberrare
607 3088 649 3139 vii.
674 3090 713 3138 lo.
740 3086 863 3135 “laminas
882 3085 1004 3150 utriusque
1030 3093 1104 3133 mats·

56 3159 492 3212 eomlasdtucawesncnsntsr.
527 3163 556 3212 L.
606 3161 675 3213 rire?
709 3160 829 3216 Horatius,
846 3159 881 3207 11.
895 3158 945 3206 Od.
956 3157 982 3206 ii.
993 3159 1018 3205 2.
1034 3163 1050 3185 ‘⁸
1061 3156 1106 3205 ini·

58 3235 188 3293 Quinctius
200 3235 356 3285 Cincinnatus
369 3234 470 3285 dictator
479 3235 559 3285 dictus
607 3236 668 3285 mice
679 3233 793 3283 lamnae.”

58 3309 99 3357 vel
110 3309 197 3358 ianam
210 3309 310 3366 fodiens,
321 3310 359 3358 ccl
375 3319 452 3359 aratro
466 3311 558 3360 iocum·
639 3310 696 3358 209.
713 3307 847 3375 Postquam¹
859 3304 938 3352 Rama
953 3304 1039 3353 finibus
1053 3296 1104 3372 opi·

59 3382 135 3430 bcns:
152 3381 242 3439 lirina,
254 3382 333 3432 ittae.
350 3385 448 3449 Argenti
457 3385 557 3442 tumim
606 3386 699 3447 busque
719 3379 802 3437 crevit,
824 3380 869 3426 loco
890 3378 978 3443 cuique
1000 3378 1106 3450 Fortuna

58 3454 126 3503 ran.
143 3454 211 3504 subi.
228 3456 259 3504 8:
284 3457 483 3522 '‘Pracipicbant
503 3456 557 3514 ista,
608 3457 716 3523 qondam
728 3470 835 3523 praesse,
847 3456 946 3521 ejusque
959 3454 1010 3503 fata
1024 3469 1105 3519 regere

59 3527 102 3591 qui
112 3527 250 3593 triumphali
258 3528 333 3580 dsuas
346 3529 438 3594 argenti
450 3528 523 3578 libras
533 3530 558 3578 in
609 3531 764 3592 credebatur3
781 3530 882 3578 Metam.
893 3529 924 3577 iv.
934 3529 996 3589 5653
1012 3545 1037 3576 r.
1049 3528 1107 3580 336.

58 3599 450 3666 suppellectiiccrimini'dabant.”
467 3602 559 3668 Nempe
607 3604 646 3653 Ad
660 3606 787 3654 Fortunam
804 3604 861 3665 Pop.
873 3603 905 3651 R.
919 3617 1000 3651 omnes
1013 3595 1106 3668 imperii

59 3673 158 3724 cornel.
186 3675 309 3734 Rufinum,
334 3676 373 3725 bis
393 3677 513 3726 consulem
536 3685 561 3725 ct
608 3679 780 3728 vicissitudines
807 3677 940 3726 referebant
968 3676 1110 3742 scriptores,

59 3745 182 3796 dictatura
199 3750 317 3806 bractam,
338 3749 460 3800 Fabricius
480 3765 561 3799 censor
612 3753 895 3813 Crsuemntctopeaetc.
919 3748 1049 3805 iuvenalis,
1058 3749 1107 3797 ria.

59 3821 169 3871 nucu.
180 3822 211 3873 (1.
226 3823 283 3874 47⁸.
299 3833 383 3873 senna
399 3823 481 3881 morit,
498 3822 562 3887 quod
614 3826 669 3874 tas.
708 3824 820 3874 “Crescit
835 3839 901 3872 amor
916 3821 1014 3877 nummi,
1030 3837 1106 3886 quan-

59 3894 143 3944 dam
159 3896 238 3961 pondo
254 3897 395 3947 bbrssiacti
409 3897 500 3961 argenti
515 3896 558 3944 ba·
608 3902 722 3965 tumipsa
735 3898 835 3966 pecuma
850 3896 958 3947 cr·escit.”
996 3895 1107 3942 Ferocem

58 3968 559 4030 scru;0·11iu2rtoer.su.rv.a;xvtt.
608 3973 676 4022 istius
696 3972 815 4038 cupidinis
843 3970 955 4020 describit
981 3967 1108 4017 Sallustius

58 4044 101 4091 21.
144 4043 267 4095 burm
292 4045 341 4094 tera
366 4044 492 4109 scriptores
518 4058 560 4109 po-
610 4047 667 4096 Cat.
687 4046 727 4095 xi:
757 4046 793 4095 Ea
814 4052 933 4109 '‘semper
954 4040 1054 4097 infinita,
1071 4041 1106 4089 in·

56 4124 131 4174 nant,
147 4118 246 4182 qnando
263 4119 400 4169 conoemtim
419 4119 450 4167 da
464 4127 562 4183 argento
611 4120 733 4177 satiabilis,
748 4134 826 4184 neque
844 4117 1011 4182 cupimusque
1029 4112 1106 4176 inopia

55 4198 102 4238 aut
118 4205 176 4240 curo
195 4191 341 4257 munstur,
364 4192 456 4243 Seneca
476 4191 561 4243 Benei.
614 4193 751 4243 minuitur.’'
