2806 5018
379 771 639 868 PUBLII
672 765 917 864 OVIDII
953 760 1281 858 NASONIS

736 998 921 1083 IBIS⁸.

734 1274 930 1326 «4-

307 1495 537 1586 TEMPUS
566 1508 613 1582 ad
634 1508 718 1594 hoc,
738 1506 867 1579 lustris
886 1507 966 1602 jam
991 1504 1049 1577 bis
1075 1502 1172 1576 mihi
1192 1503 1351 1601 quinque

460 1625 636 1723 peractis,

360 1740 485 1813 Omne
502 1739 573 1813 fuit
592 1738 713 1811 Musae
731 1761 882 1811 carmen
901 1735 1043 1807 inerme
1061 1757 1184 1823 meae3

312 1855 518 1953 Nullaque,
538 1877 623 1951 quae
642 1851 774 1952 possit,
794 1848 943 1948 scriptis
960 1858 1016 1921 tot
1033 1847 1208 1920 millibus
1226 1855 1346 1922 exstat

362 1969 490 2045 Litera
507 1969 684 2057 Nasonis,
703 1966 988 2063 sauguinolenta
1004 1963 1094 2059 legi.

312 2086 348 2160 N
352 2110 396 2161 ec
415 2108 645 2183 quemquam
663 2083 794 2168 nostri,
813 2080 884 2153 nisi
902 2104 982 2167 noS,
1002 2077 1136 2152 laesere
1154 2078 1288 2163 libelli,
1335 2079 1354 2147 5

361 2200 528 2274 Artificis
547 2200 658 2298 periit
675 2222 793 2296 quum
810 2207 926 2295 caput
943 2195 1035 2268 Arte
1053 2218 1138 2267 sua.

313 2315 436 2402 Unus,
456 2326 495 2388 et
512 2316 584 2388 hoc
602 2314 727 2413 ipsum
745 2324 804 2387 est
820 2310 955 2409 injuria
972 2332 1121 2404 magna,
1139 2332 1340 2408 perennem

363 2429 548 2504 Candoris
565 2430 716 2502 titulum
734 2453 808 2502 non
827 2427 916 2501 sinit
932 2451 1016 2502 esse
1033 2426 1123 2500 inei.

347 2650 410 2707 Ibin,
421 2652 466 2700 snb
477 2667 525 2715 quo
539 2653 632 2701 nominc
643 2653 765 2717 Hyginum
776 2653 811 2700 ls-

314 2731 363 2773 tere
374 2723 464 2780 volunt,
476 2725 539 2788 quod
551 2725 631 2774 Ovidii
643 2742 726 2774 nornen
737 2727 811 2775 rnale·

316 2798 386 2847 dictis
400 2799 523 2856 laceraret,
535 2809 558 2847 et
572 2799 638 2847 falsis
654 2800 812 2848 crimination-

314 2872 368 2920 ibus
382 2871 408 2919 in
421 2871 535 2922 invidiam
549 2873 664 2920 etodium
676 2873 812 2930 adduceret,

316 2947 380 3011 quod
399 2963 467 3011 porro
487 2948 538 3011 ejus
558 2962 654 2994 uxorem
678 2945 814 2994 sollicitaret

316 3021 457 3084 importune,
473 3020 584 3084 quodque
601 3020 699 3067 fortunis
715 3018 814 3067 inhiaret

316 3102 401 3158 poetae,
412 3092 469 3141 diris
480 3093 589 3140 omnibus
600 3092 638 3140 hic
650 3092 758 3140 devovet.

348 3175 361 3201 ⁸
375 3167 435 3214 lars.
459 3166 497 3213 Ita
511 3165 599 3214 rectius
616 3165 754 3215 inscribetur
770 3165 814 3214 hoc

316 3254 409 3301 poema,
426 3254 497 3302 quam
516 3238 548 3285 lu
568 3238 632 3294 Iuru,
649 3238 712 3302 quod
731 3238 813 3286 hacte—

317 3327 360 3358 nus
376 3311 555 3372 circumfertur3
572 3328 648 3376 neque
663 3312 731 3359 aliter
745 3328 814 3360 suum

316 3400 399 3448 poema
408 3384 570 3433 Callimachus
580 3384 736 3449 inscripserat.
770 3384 813 3433 Vi-

316 3457 346 3505 de
355 3458 452 3505 Suidam
461 3458 485 3505 in
496 3459 669 3522 Καλλίμαχος.
693 3459 814 3522 Eutyches

318 3547 413 3594 quoque
423 3533 607 3587 Grammaticus,
620 3532 661 3579 lib.
669 3532 694 3579 ii.
708 3534 814 3579 Ontdium

315 3607 341 3649 in
353 3603 417 3651 Ibide
427 3605 492 3660 citat,
505 3621 550 3652 non
562 3610 585 3652 in
598 3605 658 3653 Ibin.

353 3677 372 3722 l.
392 3676 501 3738 Laruis]
519 3678 628 3726 Lustrum
645 3678 755 3725 dixerunt
769 3679 813 3725 Lc-

317 3747 359 3795 tini
372 3751 472 3810 spatium
483 3752 588 3814 quinque
600 3768 721 3799 annorum.
749 3753 813 3799 Serv.

317 3820 340 3867 in
354 3821 450 3868 AEneid.
462 3821 504 3869 lib.
517 3824 533 3870 i.
544 3841 578 3870 vs.
590 3827 654 3872 283:
674 3833 689 3851 ‘¹
703 3827 811 3872 Lustrum

317 3892 416 3949 dictum,
424 3894 488 3957 quod
497 3903 549 3958 post
558 3897 744 3959 quinquennium
756 3913 813 3944 una·

316 3981 416 4031 quaeque
438 3966 521 4015 civitas
545 3968 696 4018 lustrabatur.
741 3970 812 4018 Unde

316 4040 400 4088 Βοωω
418 4041 589 4097 embilustrum
608 4043 670 4106 quod
690 4060 735 4092 non
752 4044 811 4093 lice-

315 4115 365 4172 bat,
380 4114 424 4164 nisi
442 4117 522 4165 ambos
540 4132 656 4174 censores,
672 4126 725 4182 post
741 4118 810 4182 quin-

860 2648 1258 2717 quenninmlustrsrecivitstern.”
1276 2651 1354 2707 Quan-

861 2725 897 2773 vis
912 2726 986 2773 Varro
1004 2739 1019 2771 s
1038 2725 1132 2781 luendo,
1150 2723 1175 2771 id
1194 2732 1242 2778 est,
1257 2720 1356 2772 solvendo

861 2799 960 2846 lustrum
981 2797 1058 2852 ducit,
1076 2797 1144 2861 quod
1167 2799 1255 2862 quinto
1274 2808 1354 2861 quoque

862 2889 924 2922 anno
940 2871 1076 2936 vectigalia,
1091 2881 1117 2920 et
1137 2874 1202 2921 ultro
1222 2873 1308 2922 tributa
1322 2883 1355 2935 pst

863 2961 970 2994 censores
980 2946 1187 3010 persolvebantur.
1206 2948 1304 2996 Dorus.

896 3022 920 3067 2.
939 3021 1034 3066 Comen
1046 3021 1141 3075 inemec,
1152 3021 1217 3083 ete]
1239 3021 1284 3068 Hic
1294 3029 1354 3066 nm

864 3109 928 3151 suos,
942 3094 1125 3157 candoremque,
1141 3104 1167 3142 et
1187 3094 1308 3159 ingenium
1322 3089 1355 3137 ni-

865 3168 927 3215 nime
938 3165 1081 3215 maledicum
1092 3166 1190 3216 indicat
1203 3168 1278 3216 Naso.
1293 3168 1316 3215 L

897 3242 920 3288 4.
938 3241 1019 3287 Litern
1036 3243 1244 3305 sanguinolenta]
1269 3243 1353 3291 Cam

864 3314 1015 3362 maledicum.

898 3389 921 3435 6.
939 3389 995 3433 Arte
1008 3386 1071 3448 πίω]
1092 3387 1189 3436 Eadem
1207 3389 1266 3438 alibi
1279 3405 1305 3437 ac
1318 3386 1351 3432 Irt-

864 3477 940 3525 quens
959 3460 1054 3525 querela
1075 3469 1113 3508 est
1135 3474 1232 3526 poete:
1257 3474 1283 3514 ut
1297 3459 1351 3509 Tr'st

865 3534 907 3581 lib.
926 3533 951 3581 ii.
970 3550 1029 3581 vers.
1044 3534 1075 3579 2:
1099 3535 1233 3598 “Ingenio
1254 3535 1308 3602 perii
1320 3531 1350 3596 qni

865 3606 934 3655 miser
949 3607 999 3670 ipse
1013 3606 1092 3655 meo.'’
1128 3609 1160 3656 Et
1171 3611 1248 3660 Pont.
1258 3611 1290 3658 II.
1299 3609 1351 3667 Eleg-

865 3681 904 3727 vii.
914 3698 936 3727 v.
946 3682 990 3727 47:
1010 3680 1136 3730 “Artibus
1148 3683 1262 3747 ingenuis
1272 3680 1351 3748 quesn

864 3763 900 3801 est
916 3753 989 3816 gloria
1007 3753 1104 3802 multis:
1125 3756 1219 3806 Infelix
1236 3757 1292 3824 perii
1305 3753 1352 3802 doti·

864 3828 908 3874 bus
919 3828 967 3889 ipse
978 3827 1062 3875 meis.”

898 3902 920 3947 7.
941 3901 1026 3963 Unus]
1044 3901 1110 3949 Ibis:
1126 3903 1166 3951 vel
1176 3905 1351 3969 quemdeineqs

864 3971 939 4020 Ibidis
951 3973 1044 4021 nomine
1056 3977 1156 4025 notabo.

896 4047 919 4093 8.
939 4045 1068 4110 Titurium]
1088 4048 1130 4099 De
1142 4067 1193 4116 quo
1204 4053 1255 4102 III.
1266 4052 1294 4100 de
1303 4051 1351 4099 Pur

864 4127 896 4176 to,
911 4119 976 4184 Eleg.
988 4120 1019 4171 iv.
1031 4138 1067 4170 vs.
1082 4123 1122 4171 1³.
