2806 5018
251 1004 922 1096 LECTORIMONI'I'UM

60 1277 192 1362 Quunr
223 1280 260 1353 in
293 1282 481 1357 uberrimo
507 1282 701 1369 Amorum,
733 1282 974 1369 Fabularum,
1005 1280 1109 1354 Reli·

57 1410 225 1505 gionum,
249 1438 373 1512 neque
400 1415 533 1488 eodem
562 1414 786 1513 politissimo
813 1414 994 1512 scriptore
1020 1411 1110 1485 O-vi·

58 1545 135 1631 dio,
161 1545 254 1644 quid
279 1547 418 1622 dixerit
439 1547 578 1646 potius,
603 1572 717 1646 quarn
744 1546 934 1647 quomodo
959 1544 1109 1630 dixerit,

58 1699 185 1750 rerum
203 1676 380 1751 studiosis
398 1676 653 1774 indagandum
665 1679 848 1767 videatur,
863 1683 1010 1753 text‘urn
1025 1699 1110 1775 per·

58 1806 193 1906 paucis
219 1819 406 1882 mutatum
430 1808 719 1884 Burmannianae
748 1811 849 1885 illius
873 1807 1049 1884 editionis
1072 1807 1111 1880 in

59 1939 159 2014 hanc
186 1953 351 2015 nostram
378 1942 523 2040 placuit
550 1944 730 2042 recipere,
756 1940 1017 2041 adnotationes
1045 1962 1110 2012 au·

57 2083 151 2159 tem,
174 2073 206 2146 si
230 2074 353 2148 minus
377 2074 426 2149 ad
452 2074 743 2161 emendandur'n,
768 2073 816 2147 ad
843 2069 1112 2173 explicandum

58 2203 188 2278 forsan
214 2179 372 2279 l'oetam
404 2204 558 2280 idoneas
589 2232 611 2283 e
640 2205 853 2280 criticorum
881 2200 1111 2278 doctissimis

59 2335 220 2412 adferre.
275 2337 349 2411 Cui
372 2338 537 2439 incoepto
554 2338 591 2412 in
610 2339 739 2439 primis
762 2336 931 2412 subsidio
947 2334 1124 2419 fuerunt·

60 2468 124 2544 hic
152 2470 242 2558 suis,
262 2471 395 2546 alienis
419 2471 482 2547 ille
505 2472 636 2571 copiis,
657 2471 864 2546 Lemairius
891 2469 1046 2569 quidem
1073 2477 1113 2541 et

64 2600 283 2693 Harlesius3
312 2615 510 2679 notamen
534 2627 556 2678 e
581 2605 685 2702 prelo
704 2602 923 2678 Britannico
947 2599 1113 2699 prodiret

60 2736 164 2809 omni
190 2734 418 2809 Britannicae
445 2734 664 2810 eruditionis
689 2759 762 2834 ope
791 2733 995 2808 destitutus
1021 2729 1110 2804 Ovi-

61 2868 160 2956 dius,
196 2868 296 2942 cavit
328 2866 524 2965 diligentia
557 2866 703 2966 patroni
739 2867 796 2940 sui
832 2861 1109 2964 typographici,

62 3000 129 3098 qui
156 3012 266 3074 notas
294 3000 553 3096 lectionesque
576 2996 820 3071 Bentleianas
847 3022 868 3071 e
895 2993 1046 3068 schedis
1073 2993 1112 3065 in

63 3132 168 3206 Mus.
199 3132 310 3205 Britt.
338 3130 521 3229 depositis
546 3154 646 3207 nuuc
679 3129 841 3227 primum
868 3126 1111 3222 depromptas

63 3265 175 3364 adjici
193 3264 349 3339 curavit.

101 3490 208 3548 Oxou.
223 3485 305 3546 Mar.
321 3487 406 3557 1827.
