2806 5018
185 365 251 432 368
344 398 347 405 ·
582 360 839 427 EXCURSUS

184 545 283 607 fastos
298 539 434 602 urbanos
449 536 580 599 traditos
594 555 676 607 esse,
692 535 860 618 probatum
877 536 902 598 it
918 544 1067 601 veterum
1082 539 1230 605 fastorum

183 647 342 726 interpres
364 642 448 724 apud
475 639 666 722 Fogginium
688 639 734 719 (in
758 637 837 702 libro
861 638 1034 712 laudando,
1057 663 1133 725 pag.
1149 641 1231 721 lea)

183 748 237 832 qui
255 745 448 810 coloniarum
464 741 591 804 nomina
606 750 681 803 tunc
696 741 728 802 in
745 739 835 802 fastis
849 749 1000 804 annotata
1015 745 1151 826 reperit.

226 847 375 919 Accedit,
387 855 424 908 ut
438 846 479 908 de
494 865 581 909 more
598 864 648 906 res
664 852 839 907 memoratu
854 845 966 928 dignas
982 846 1017 908 iu
1031 846 1126 910 fastis
1141 849 1228 912 sacris

184 953 224 1016 ad
238 973 304 1023 eos,
320 949 435 1033 quibus
450 957 550 1031 gestae
566 956 649 1020 sunt,
668 946 736 1009 dies
753 947 964 1022 adscribendi,
980 950 1136 1031 quaedam
1152 951 1226 1015 diea-

184 1074 264 1125 mus,
282 1073 378 1136 quom
403 1052 434 1112 in
460 1049 517 1112 bec
539 1071 584 1123 re,
605 1068 677 1132 quae
700 1049 795 1111 etiam
818 1049 851 1111 in
871 1049 961 1113 fastis
986 1050 1153 1116 historicis
1168 1050 1227 1117 lieri

184 1157 317 1227 solebat,
333 1153 470 1216 dubitari
492 1152 599 1235 possit,
618 1153 658 1214 ad
680 1159 784 1214 utrum
807 1174 908 1236 genus
923 1152 1042 1236 aliquis
1056 1153 1151 1219 locus
1166 1176 1225 1240 per-

183 1260 293 1324 tineat.
338 1255 378 1319 In
394 1257 483 1319 fastis
499 1255 595 1317 sacris
611 1254 669 1316 boc
685 1264 808 1316 mature
819 1256 885 1337 jam
900 1255 1021 1317 factum
1036 1276 1112 1320 esse
1125 1256 1225 1322 O‘vidii

182 1363 253 1426 loca
276 1359 410 1444 probant
431 1359 473 1421 vi.
493 1357 567 1420 461.
589 1356 663 1421 465.
684 1356 759 1420 563.
781 1357 856 1420 721.
878 1357 953 1421 765.
973 1357 1051 1422 769:
1071 1358 1157 1435 77ος
1179 1361 1228 1424 ubi·

183 1486 234 1528 res
258 1462 374 1546 populo
397 1460 544 1523 Romano
562 1459 613 1522 vel
637 1459 718 1522 taetoe
739 1459 789 1521 vel
812 1459 928 1534 tristes,
947 1470 1015 1523 tum
1037 1462 1178 1528 victoria
1197 1472 1226 1526 et

182 1589 234 1630 nes
253 1565 406 1648 praeclare
427 1570 536 1644 gestae,
556 1573 621 1624 tum
640 1561 759 1634 clades,
776 1563 891 1646 quibus
906 1563 1014 1626 Roma
1035 1565 1155 1629 afflicta
1173 1574 1224 1644 est,

182 1671 213 1730 iu
236 1667 335 1738 lastis,
353 1665 465 1747 quibus
483 1664 619 1726 Ovidius
641 1685 716 1726 usus
738 1673 797 1736 est,
814 1665 982 1748 adscriptae
1007 1664 1109 1731 fuisse
1124 1670 1224 1737 viden·

183 1777 244 1831 tur.
282 1766 427 1830 Victoria
443 1789 471 1827 v.
485 1787 513 1827 c.
530 1764 677 1827 Postumi
689 1766 730 1827 de
746 1766 864 1848 AEquis
879 1775 911 1828 et
925 1765 1055 1832 Volscis
1071 1768 1174 1851 (Fast.
1187 1771 1223 1836 ti.

179 1870 270 1946 721.)
284 1889 379 1952 quam
395 1869 434 1930 ad
451 1869 481 1930 d.
496 1867 539 1930 17
552 1867 575 1931 J
578 1889 629 1929 un.
647 1869 690 1930 ita
704 1869 807 1930 canit:

298 2035 436 2097 Sciliceth
457 2038 504 2096 hic
517 2037 585 2096 olim
600 2037 705 2116 AEquos
720 2037 895 2118 Volscosque
907 2039 1023 2117 fugatos

338 2133 460 2192 Viderat
475 2133 504 2190 in
519 2134 634 2210 campis,
650 2133 758 2210 Algida
770 2144 856 2202 terra,
870 2134 950 2204 tuis3

298 2228 384 2287 Unde
400 2228 562 2286 suburbano
574 2227 676 2295 clerus,
692 2225 828 2296 Tuberte,
844 2229 990 2306 triumpho

337 2321 448 2380 Veetus
462 2343 491 2380 es
505 2322 534 2378 in
549 2321 650 2390 niveis,
667 2321 812 2390 Postume,
827 2322 917 2381 victor
931 2323 1028 2402 equis:

181 2496 252 2560 coll.
271 2495 362 2559 Livio
386 2497 429 2557 iv.
444 2494 582 2558 26-29.
600 2495 630 2557 iu
655 2517 706 2558 an.
724 2494 767 2558 U.
783 2495 857 2559 322.
872 2496 994 2570 incidit,
1012 2508 1047 2560 et
1068 2501 1136 2584 jam
1161 2510 1221 2564 turn

181 2602 228 2663 bic
245 2621 312 2661 mos
327 2599 500 2660 obtinuisse
517 2599 653 2660 videtur.
700 2598 852 2661 Similiter
867 2600 898 2661 in
916 2599 958 2665 D.
974 2600 1071 2665 Bruti
1084 2605 1220 2677 victoria,

180 2700 327 2786 Syphace
343 2700 427 2762 vieto
449 2711 482 2762 et
502 2701 580 2773 aliis,
599 2701 618 2762 l.
635 2701 656 2762 l.
674 2725 701 2764 c.
717 2725 745 2765 c.
763 2712 798 2766 et
817 2690 886 2765 falsi
907 2704 1113 2786 igitur'sunt,
1131 2707 1222 2790 siqui

178 2810 221 2883 (v.
239 2825 266 2866 e.
284 2802 430 2864 Siccama
447 2803 486 2863 de
503 2801 591 2865 fastis
607 2802 665 2865 Gr.
682 2803 792 2883 Thes.)
807 2806 837 2866 iu
855 2804 901 2868 M.
918 2805 1062 2869 Antonio
1084 2807 1143 2871 boc
1163 2810 1220 2892 pri·

179 2926 264 2968 mum
280 2905 398 2966 factum
416 2925 487 2965 esse
503 2906 708 2967 contendunt.
758 2905 822 2968 Hie
839 2907 933 2980 enim,
952 2918 987 2970 ut
1002 2907 1120 2972 Cicero
1137 2911 1220 2989 (Phi-

210 3108 221 3141 l
243 3111 341 3164 Scilicet,
359 3107 474 3174 particula
495 3107 634 3164 transitoria,
653 3119 676 3156 et
727 3109 857 3165 transitum,
869 3110 910 3173 qui
928 3120 991 3158 certe
1009 3112 1033 3159 in
1053 3123 1155 3177 utraque
1171 3130 1221 3161 voce

178 3183 252 3248 digito
269 3200 306 3247 qs.
319 3184 443 3230 intendens
459 3182 489 3229 ad
507 3184 637 3246 sequentia,
651 3193 675 3231 ut
726 3185 785 3231 bene
800 3200 825 3231 se
841 3183 950 3240 illustrat,
962 3186 1074 3233 Graecam
1087 3188 1221 3252 particulam

176 3274 233 3313 ecce,
245 3256 413 3321 significatione
426 3264 496 3304 autea
507 3256 623 3319 neglecta,
634 3257 674 3304 sed
726 3254 971 3320 r'1.Significatioues
984 3259 1108 3323 utriusque
1119 3263 1182 3308 vocis
1192 3263 1219 3307 ita

178 3348 231 3396 quie
244 3332 293 3379 sine
305 3331 377 3380 dubio
388 3331 463 3395 prima
473 3343 508 3379 est
520 3331 589 3395 hujus
600 3331 673 3388 vocis,
725 3347 749 3378 se
768 3332 876 3395 excipere
891 3331 1015 3379 videntur:
1039 3336 1064 3380 1⁰
1079 3336 1219 3399 profecturi

178 3407 342 3453 uudecaeterae
357 3406 451 3453 demum
466 3406 674 3470 profluunt,quam
725 3422 785 3454 ecre.
819 3408 857 3453 lta
872 3408 957 3453 scilieet
974 3423 1038 3471 saepe
1054 3410 1118 3473 apud
1128 3411 1216 3458 Terent.

180 3479 307 3527 vindicavit
325 3480 363 3526 111.
385 3480 482 3527 Vossius
499 3479 528 3526 ad
547 3481 633 3543 Georg.
650 3498 673 3546 p.
728 3480 851 3528 Phorml.
863 3480 888 3527 ii.
902 3483 947 3538 82;
964 3481 1072 3545 Adelph.
1085 3483 1217 3532 11211133.

181 3554 235 3600 136.
248 3569 271 3600 u.
283 3553 339 3601 edit.
355 3553 416 3616 (rid.
431 3555 483 3601 loca
500 3553 531 3600 ibi
549 3554 673 3612 laudate3)
724 3566 747 3602 et
765 3554 779 3613 ἦ
795 3571 885 3619 semper
899 3554 960 3619 apud
979 3556 1120 3606 Homerum.
1152 3560 1217 3606 luter·

178 3627 264 3686 Georg.
275 3626 290 3672 i.
300 3628 356 3672 281.
369 3628 436 3674 “Ter
448 3637 501 3674 sunt
514 3627 590 3674 conati
600 3628 674 3692 impe·
725 3630 780 3676 dum
799 3633 884 3678 scilieet
904 3629 970 3675 initio
989 3633 1103 3679 orationis
1122 3633 1214 3681 animum

176 3714 232 3747 nere
245 3700 310 3747 Pelio
320 3702 404 3747 Ossam
417 3703 516 3756 Scilicet,
528 3711 599 3765 atque
608 3704 674 3750 Osse
725 3714 815 3751 tautum
829 3704 928 3752 intendit
945 3706 975 3750 ad
987 3709 1123 3769 sequentia,
1136 3718 1160 3755 ut
1174 3707 1194 3753 b.
1203 3706 1215 3752 l.

177 3774 310 3821 frondosum
333 3774 449 3822 involvere
472 3775 600 3839 Olympum
610 3777 634 3832 ;”
659 3778 674 3823 i.
724 3780 792 3826 etita
808 3796 853 3826 uon
870 3778 1023 3843 raroriapud
1037 3781 1214 3839 ttamerum3a

175 3846 673 3912 492.“·5cilicet,etternpusi·euiet,quum
725 3852 779 3899 imle
802 3862 900 3916 utruque
921 3869 964 3899 vox
984 3856 1072 3901 ironice
1094 3866 1213 3919 usurpetur.

175 3920 261 3968 finibus
278 3919 325 3967 illis
342 3921 479 3985 Agricola,''
495 3931 540 3968 ete.
553 3923 614 3988 unde
632 3940 672 3970 vo·
724 3929 760 3974 De
775 3931 856 3974 scitica
873 3944 908 3974 ree
919 3938 984 3974 nora.
1020 3929 1059 3976 De
1077 3930 1093 3988 ἦ
1110 3931 1140 3977 cf,
1152 3929 1213 3976 111.

175 4011 229 4044 cern
247 3994 342 4050 ovidio,
357 3995 387 4041 iv.
406 3996 461 4042 627.
479 3995 575 4043 reddere
595 3998 674 4045 nullus
723 4003 784 4048 229:
804 4001 819 4060 ἦ
832 4003 895 4050 πολὺ
906 4002 981 4050 λώϊόν
994 4001 1053 4057 ἐστι,
1065 4015 1112 4052 etc.
1123 4006 1150 4051 3ο
1161 4016 1212 4051 utra·

173 4067 289 4119 dubitavi.
324 4069 456 4132 Analogam
479 4079 556 4117 autem
576 4069 674 4118 arbitror
723 4092 769 4140 que
798 4077 821 4123 iu
849 4078 1021 4141 questionibus
1049 4081 1150 4127 occurrit
1179 4092 1211 4142 pro

174 4143 228 4192 huic
247 4142 366 4208 particula
380 4143 457 4207 quoarl
476 4142 672 4203 significationum
724 4152 795 4195 rrum?
