2806 5018
178 354 244 421 256
474 350 516 413 P.
539 348 700 415 OVIDII
724 344 935 412 NASONIS

178 527 231 599 At
248 523 351 598 canis
369 531 456 597 ante
474 524 605 620 pedes,
624 545 718 594 saxo
734 506 938 593 fabricatus
956 515 1108 598 eodem,

229 641 388 714 Stabat:
408 663 494 736 quae
512 639 636 712 standi
651 660 738 711 cum
757 635 851 709 Lare
866 656 983 707 causa
996 630 1096 704 fuist
1120 629 1217 724 [que.

179 755 313 830 Servat
329 765 489 852 uterque
501 755 667 838 domum,
682 749 834 824 domino
845 769 998 845 quoque
1011 745 1112 818 fidus
1127 753 1217 815 uter·

144 892 146 896 ’
228 871 406 969 Compita
423 882 529 966 grata
545 870 638 957 deo;
668 866 834 963 compita
852 874 959 961 grata
973 861 1074 935 cani.
1156 860 1216 930 140

177 985 383 1082 Exagitant
399 996 439 1057 et
457 984 541 1070 Lar,
561 995 600 1056 et
617 983 727 1056 turba
745 979 882 1052 Diania
898 977 1021 1064 fures3

225 1099 537 1196 Pervigilantque
556 1098 692 1184 Lares;
722 1095 1021 1194 pervigilantque
1039 1114 1166 1163 canes.

177 1216 275 1290 Bina
290 1215 534 1311 gemellorum
553 1212 769 1310 quaerebam
788 1210 896 1305 signa
911 1209 1084 1293 deorum,

226 1329 379 1403 Viribus
397 1354 547 1403 annosae
565 1329 664 1402 faeta
681 1327 825 1401 caduca
841 1348 972 1398 morae:
1153 1320 1211 1391 144

176 1445 284 1517 Mille
303 1444 430 1529 Lares,
451 1444 693 1538 Geniumque
711 1442 832 1527 ducis
852 1440 917 1537 qui
934 1435 1093 1512 tradidit
1110 1435 1200 1517 illos,

229 1559 329 1632 Urbs
348 1559 486 1645 habet3
517 1568 557 1631 et
573 1557 644 1630 vici
664 1556 818 1629 numina
834 1554 932 1627 trina
949 1553 1093 1626 colunt.

175 1671 262 1757 Quo
278 1671 399 1745 feror?
426 1673 620 1766 Augustus
640 1671 780 1744 mensis
798 1669 889 1741 mihi
902 1666 1083 1740 'carminis
1100 1666 1205 1760 hujus

225 1785 296 1859 Jus
314 1786 437 1860 dabit:
465 1786 609 1859 interea
626 1786 711 1859 diva
728 1784 899 1859 canenda
916 1782 1026 1855 Bona
1042 1792 1115 1854 est.

209 2029 265 2076 133.
282 2027 370 2084 Stabat,
381 2042 466 2093 nempe
478 2028 509 2077 ad
523 2029 588 2078 Curii
600 2044 673 2077 aram.
723 2037 760 2078 est
777 2028 917 2092 Augustum
932 2025 1005 2077 etiam
1024 2024 1129 2079 Persius,
1143 2022 1213 2086 Satyr-

177 2102 254 2150 Grata
277 2104 325 2156 deo,
345 2100 401 2149 inde
428 2101 501 2150 Lares
527 2101 674 2165 Compitales
724 2104 755 2150 vi.
764 2104 806 2150 ta.
815 2106 865 2150 deos
873 2103 1009 2166 geniumque
1018 2101 1086 2147 ducis
1096 2097 1205 2146 nominet.

176 2174 279 2231 dicata
292 2175 317 2223 in
332 2173 440 2238 compitis
453 2173 527 2233 culti;
544 2173 674 2237 Dionysius
759 2176 894 2223 lto—lau.
921 2173 1033 2223 Kalendis
1061 2172 1132 2219 Maiis
1153 2173 1214 2218 mian

175 2246 300 2296 Halicam.
320 2246 355 2294 iv.
378 2249 419 2294 14.
456 2247 532 2294 Grata
552 2250 621 2304 cani,
648 2246 673 2294 in
724 2249 793 2297 Bona
810 2252 856 2297 dea
874 2250 930 2297 adea
945 2249 1060 2295 dedicato.
1095 2246 1172 2294 Etiam
1187 2242 1214 2290 de

175 2322 279 2385 compita
297 2321 360 2368 enirn
377 2330 533 2385 purgamenta
549 2329 573 2369 et
594 2322 674 2370 sordes
724 2320 768 2370 lrac
784 2321 838 2377 dea,
854 2336 907 2386 quta
921 2319 1013 2370 Graecis
1025 2320 1080 2378 θεὸς
1095 2316 1215 2383 γυναικεία

176 2394 362 2458 abjiciebantur;
380 2392 478 2440 Erhard.
492 2394 574 2456 Symb.
588 2394 613 2440 in
626 2397 673 2443 Pe·
723 2394 796 2452 dicta,
807 2395 878 2444 varias
892 2402 959 2443 erant
973 2401 1082 2441 veterum
1092 2391 1215 2457 opiniones.

176 2467 288 2522 tronium,
302 2468 358 2513 134.
391 2465 451 2513 Iade
463 2467 526 2529 apud
537 2467 673 2524 Phaedrum,
723 2469 847 2518 Cornelius
866 2469 945 2516 Labeo
966 2476 1049 2516 auctor
1069 2474 1128 2522 erat,
1147 2463 1214 2513 atain

175 2542 198 2590 1.
219 2541 268 2587 sab.
286 2539 359 2587 xxvii.
380 2540 423 2587 ll:
443 2540 512 2586 Canis
533 2543 600 2587 triuio
619 2559 672 2589 cou-
722 2543 798 2591 edem
810 2542 927 2591 Kalendis
938 2540 1011 2589 Maiis
1022 2540 1158 2589 dedicatam
1170 2553 1215 2594 em

175 2623 260 2676 ceptus.
293 2614 364 2661 Lares
375 2612 421 2661 dea
435 2614 504 2661 uinta
517 2615 621 2677 gemellos
631 2631 673 2680 pe·
722 2617 767 2663 sub
789 2617 882 2665 nomine
910 2616 983 2663 Bonas
1009 2614 1086 2674 θεας
1113 2613 1214 2662 eamden

176 2695 284 2751 perarat3
311 2686 337 2733 ii.
361 2687 416 2735 615.
449 2687 536 2734 &rum
564 2688 633 2750 signa
658 2704 673 2736 a
722 2689 792 2737 deam
819 2698 843 2737 et
869 2691 985 2744 Faunum,
1012 2690 1101 2753 Opem.
1122 2689 1214 2736 Fatuan

177 2760 248 2809 Curio
263 2760 339 2824 posita
353 2776 425 2824 quum
437 2768 552 2824 quaereret
563 2761 672 2817 Ovidius.
721 2763 825 2822 dictam;
843 2762 989 2818 Macrobius,
996 2762 1012 2809 i.
1023 2764 1120 2810 Satura.
1131 2763 1169 2810 lt.
1179 2759 1214 2808 ubi

175 2848 222 2882 non
249 2834 335 2898 reperit
361 2833 452 2890 eadem,
474 2833 561 2898 quippo
583 2835 673 2884 caduca
723 2846 746 2882 ct
757 2836 808 2884 alim
819 2836 941 2885 sententiaa
953 2845 1114 2884 recensentur.
1147 2834 1214 2881 Varro

176 2907 248 2963 lacta,
271 2907 330 2955 alios
349 2923 404 2956 vero
427 2909 498 2955 Lares
518 2911 581 2957 mille
603 2909 671 2958 vidit.
723 2911 797 2958 Fauni
806 2909 880 2958 filiam
888 2909 1025 2964 tradiderat,
1034 2906 1214 2973 adcopudicam,

176 2981 251 3029 Erant
265 2980 328 3028 enim
343 2982 427 3028 Roma
442 2982 498 3029 265.
512 2982 616 3046 compita
627 2983 672 3030 La-
723 2994 750 3031 ut
766 2993 833 3032 extra
849 2999 987 3048 gyneceum
1007 2998 1131 3047 nunquam
1150 2981 1179 3030 sit
1193 2996 1214 3028 e·

175 3053 244 3109 num,
261 3062 356 3102 auctore
369 3053 448 3102 Plinio
460 3053 495 3102 iii.
511 3071 530 3102 s.
541 3056 566 3102 9.
582 3071 606 3118 p.
621 3057 673 3104 156.
722 3072 810 3118 gressa,
832 3073 875 3105 nec
896 3072 981 3104 nomen
1003 3056 1056 3120 ejus
1081 3056 1106 3103 iu
1127 3053 1213 3119 publico

175 3127 304 3175 Haeduini.
337 3129 401 3184 lam,
419 3128 531 3191 quoniam
552 3134 674 3191 Augustus
723 3131 794 3179 suerit
805 3131 920 3185 auditum,
932 3138 957 3177 ut
970 3146 1013 3178 nec
1025 3129 1102 3179 virum
1116 3143 1211 3193 unquam

178 3201 312 3261 Compitales
329 3201 399 3248 Lares
415 3218 497 3248 ornare
512 3204 544 3248 bis
561 3206 671 3250 ausmin-
723 3203 816 3261 viderit,
838 3220 881 3252 uec
903 3219 917 3253 a
937 3204 987 3251 viro
1012 3203 1045 3251 sit
1065 3205 1132 3262 visa3
1159 3202 1212 3251 undt

175 3277 261 3330 stituit,
273 3277 347 3321 aerias
353 3276 453 3338 floribus
464 3286 485 3323 et
500 3279 589 3331 asticis,
602 3278 673 3339 (Sue-
723 3277 810 3325 sactum
825 3279 864 3334 sit,
881 3286 908 3326 ut
926 3277 975 3325 viro
987 3277 1103 3341 templum
1119 3277 1169 3341 ejus
1183 3277 1212 3323 in·

176 3347 253 3396 tonius
277 3347 379 3410 August.
404 3348 457 3408 31.)
484 3357 607 3413 propterea
634 3349 672 3398 hic
722 3352 787 3414 gredi
799 3369 845 3401 non
856 3351 948 3400 licuerit
956 3369 964 3410 3
981 3351 1022 3400 sed
1032 3351 1101 3399 locus
1110 3351 1212 3399 alanicus

176 3437 270 3484 quoque
288 3428 358 3484 poeta
383 3421 531 3469 occasionem
552 3431 632 3488 captat
650 3424 672 3471 ei
723 3425 752 3473 de
774 3425 819 3473 hac
837 3425 883 3473 dea
900 3426 998 3489 ejusque
1015 3425 1090 3473 sacris
1106 3436 1143 3474 est
1158 3420 1210 3490 apud

176 3492 298 3541 adulandi.
331 3494 403 3541 Lares
416 3504 441 3542 et
456 3497 525 3544 Genii
539 3513 602 3560 saepe
616 3514 672 3545 con·
722 3497 876 3547 Plutarchum
890 3500 914 3545 in
929 3499 987 3546 Vita
1001 3499 1112 3555 Caesaris,
1126 3500 1211 3563 cap·9;

174 3565 320 3628 junguntur,
344 3568 430 3615 Genius
441 3569 503 3616 enim
515 3569 581 3625 deus,
593 3570 617 3617 iu
629 3587 671 3618 cu·
722 3572 851 3620 secundum
863 3587 916 3619 eum
928 3572 1038 3635 Phryges
1047 3588 1100 3620 eam
1112 3573 1156 3621 sibi
1170 3575 1211 3619 vio·

173 3639 214 3701 jus
241 3637 316 3685 tutela
341 3640 442 3705 quisque
470 3642 535 3690 vivit.
574 3643 673 3690 Gerulum
722 3643 831 3692 dicarunt
845 3645 1006 3701 domesticam,
1021 3646 1098 3694 ulida
1112 3657 1209 3697 matrem.

178 3712 278 3760 Caessris
286 3713 349 3761 cives
360 3715 463 3762 Romani
473 3716 549 3764 colare
557 3717 672 3765 solebant.
722 3718 824 3767 Romani
841 3730 920 3767 autern
939 3716 1016 3766 Fauni
1029 3720 1156 3784 conjugem
1169 3719 1211 3766 dis·

176 3785 270 3834 Minue.
279 3786 345 3835 Felix
355 3787 379 3835 in
390 3789 476 3836 Octav.
487 3790 551 3836 xxix.
564 3791 592 3836 6:
610 3792 672 3838 “Sic
722 3800 799 3839 eruut.

176 3861 228 3924 ejus
242 3876 326 3909 nomen
341 3872 434 3917 vocant,
445 3861 475 3909 ad
489 3863 604 3926 imagines
617 3880 672 3927 sup·
756 3867 796 3913 Est
808 3868 881 3921 moles,
894 3866 955 3929 eto]
974 3867 1103 3932 Templum
1114 3862 1209 3928 intelligi.

176 3933 276 3997 plicant,
302 3934 405 3997 genium,
428 3935 452 3980 id
479 3944 515 3982 est
541 3936 672 3985 daemonem
722 3938 746 3986 in
767 3950 846 3987 monte
866 3940 986 3988 Auentino
1006 3942 1118 4004 positum,
1133 3949 1208 3988 certum

177 4006 229 4069 ejus
239 4007 390 4070 implorant.’'
411 4007 530 4063 Horatius,
542 4009 587 4057 lv.
599 4010 637 4057 Od
648 4028 673 4059 v.
723 4021 773 4071 est;
797 4014 818 4060 ei
835 4013 898 4061 enim
915 4013 989 4061 monti
1004 4014 1091 4062 Remus
1107 4017 1209 4062 institerit

178 4082 218 4129 34.
240 4079 272 4127 ad
300 4079 449 4141 Augustum:
484 4082 581 4129 Laribus
609 4094 674 4132 tiaram
724 4101 779 4134 ares
789 4087 936 4135 consulturus
944 4104 951 4146 ;
969 4087 1126 4143 Livius,i.6.
1143 4087 1208 4149 nega

181 4155 261 4205 Miscet
273 4169 364 4200 atamen.
380 4153 460 4218 Atque
472 4155 542 4204 etiam
554 4172 616 4205 nunc
627 4161 674 4208 duc
724 4168 804 4209 tamen
818 4160 941 4226 Neapolis,
957 4160 1000 4224 qui
1016 4171 1088 4226 putat
1103 4153 1209 4225 designari
