2806 5018
529 382 877 452 HALIEUTIG'ON.
1159 388 1225 456 449

177 615 770 633 ..........
824 585 862 633 rn
880 585 989 635 auras

175 670 339 758 Emicat,
355 672 470 770 atriae
487 673 594 747 dolos
612 675 711 748 saltu
730 676 875 749 deludit
892 676 1046 750 inultus.
1171 683 1222 753 25

226 788 277 861 Et
294 787 465 863 Muraena
481 789 599 875 ferox,
617 792 748 864 teretis
766 792 837 865 sibi
856 793 1008 866 conscia
1025 793 1131 889 tergi,

174 902 237 975 Ad
254 904 380 979 laxata
396 905 517 1001 magis
534 903 716 979 conversa
732 905 912 979 foramina
930 908 1032 994 retia,

172 1017 343 1093 Tandem
362 1044 430 1118 per
448 1019 585 1093 multos
601 1021 727 1094 evadit
745 1021 889 1094 lubrica
905 1023 1040 1107 denua,

173 1132 439 1232 Exemploque
457 1147 582 1223 nocet,
601 1138 749 1211 cunctis
766 1138 966 1212 intervenit
983 1161 1070 1211 una.

224 1248 278 1323 At
293 1261 425 1323 contra
440 1251 608 1347 scopulis
625 1252 755 1326 crinali
774 1275 929 1350 corpore
947 1253 1073 1349 segnis
1172 1261 1222 1329 30

172 1363 345 1463 Polypus
364 1367 492 1452 haeret,
512 1378 551 1439 et
567 1368 638 1441 hac
657 1369 776 1442 eludit
793 1369 886 1442 retia
902 1367 1044 1454 fraude,

174 1478 228 1552 Et
245 1481 315 1552 sub
334 1482 418 1578 lege
437 1481 510 1554 loci
528 1484 643 1556 sumit
660 1496 857 1583 mutatque
875 1485 1060 1572 colorem;

175 1593 338 1692 Semper
347 1597 382 1670 ei
393 1596 661 1693 similiaquem
672 1601 846 1696 contigit:
861 1598 1221 1699 atqueubipraadam

176 1709 416 1785 Pendentem
435 1713 527 1785 setis
545 1714 675 1787 avidus
694 1715 803 1813 rapit,
822 1715 883 1789 hic
897 1710 1051 1813 quoque
1068 1710 1164 1790 sallit¹

172 1940 253 1983 arare,
259 1936 332 1991 atque
338 1926 372 1976 ita
380 1927 490 1978 conditus
496 1932 594 1981 transire
602 1931 677 1981 πῖθ’
727 1930 816 1994 πόρου,
826 1928 923 1985 hazida
936 1929 1048 1986 σώζουσα
1059 1932 1101 1980 sul
1110 1931 1156 1990 τὰς
1167 1947 1226 1981 συν-

172 2001 270 2066 Inepte.
289 2001 344 2049 Non
365 2004 470 2052 conditus
490 2005 574 2070 plagas
594 2005 678 2055 transit
726 2004 825 2067 νόμους.
842 2004 876 2051 ll.

173 2075 256 2140 lupus,
277 2075 319 2124 scd
345 2078 462 2124 conditum
480 2078 565 2144 lupum
591 2079 678 2144 plage.
759 2078 801 2126 a).
818 2079 849 2124 At
865 2087 944 2126 corum
961 2079 1057 2139 mulir
1073 2079 1159 2126 crinali
1176 2094 1226 2128 cora

174 2148 232 2197 Hoc
258 2147 332 2197 voluit
353 2148 453 2199 Plinius.
469 2151 544 2200 Vm.
582 2153 678 2201 Thuan.
727 2167 780 2212 nors
794 2155 868 2216 agnis
879 2151 981 2214 Polypus
995 2151 1140 2214 Μαικία]
1158 2151 1227 2202 Idam

173 2231 200 2271 ct
209 2221 363 2271 Aminaion
372 2226 448 2272 menis
458 2226 483 2273 in
495 2241 573 2274 ouras.
606 2227 679 2289 Lege,
729 2224 800 2273 tradit
808 2222 928 2280 AEliaaus,
937 2224 1029 2274 liunt
1037 2240 1059 2272 c.
1070 2226 1116 2285 113
1133 2225 1227 2275 etPlim

171 2298 232 2345 sidit
241 2298 334 2344 nrsniu
349 2299 375 2344 in
384 2313 454 2344 naras
469 2298 588 2362 sequeutia
598 2314 679 2350 narsus
730 2298 772 2346 lib.
782 2298 816 2345 ix.
825 2313 880 2363 cap.
889 2299 938 2358 29;
953 2298 995 2346 lib.
1005 2298 1079 2346 xxxii.
1089 2313 1144 2364 cap.
1157 2300 1194 2351 ll.
1216 2310 1223 2327 ‘

174 2369 233 2419 dun
249 2370 500 2421 ultimoesuntvoces.
533 2373 594 2421 Mat.
605 2372 650 2420 lib.
659 2372 677 2422 i.
761 2371 1227 2422 ³1.rlac.msa.laen1³lininsaehsa

175 2444 273 2493 auaex
284 2442 388 2506 antiquis
395 2443 475 2492 libris:
495 2451 511 2473 ‘⁴
519 2443 679 2510 Quasitisquc
728 2445 812 2495 fraude
825 2444 894 2499 nihil,
905 2445 951 2493 nisi
960 2444 1023 2509 quod
1033 2461 1087 2494 caru
1099 2445 1228 2511 raspexisac

173 2516 219 2566 diu
235 2516 302 2566 torris
319 2514 361 2565 uhi
379 2520 452 2566 ridere
469 2518 563 2567 detur.''
598 2520 679 2578 Quum
729 2519 803 2568 videri
818 2520 900 2584 possit,
914 2519 957 2568 lih.
970 2518 1068 2585 incap.
1082 2519 1166 2569 mne
1181 2521 1228 2568 Po·

172 2595 253 2641 sistere
263 2589 314 2638 illic
328 2589 445 2653 ingeratur
455 2591 479 2639 in
490 2591 609 2653 vulgaria
626 2608 679 2658 pos·
729 2590 807 2657 lypis:
833 2592 945 2641 “Catero
966 2608 1008 2657 per
1031 2591 1129 2641 brachia
1155 2593 1230 2642 veluti

172 2665 207 2715 sit
218 2673 244 2712 st
253 2662 412 2720 scribtura
423 2670 505 2714 aronis.
523 2667 556 2714 ll.
730 2666 860 2715 acetabulis
873 2665 983 2730 dispersis
1000 2674 1052 2714 astu
1069 2666 1171 2731 quodam
1187 2665 1229 2714 ad·

209 2739 252 2787 26.
275 2737 345 2786 Dolor
368 2739 430 2786 mtsn
453 2740 542 2787 deludit
566 2740 677 2804 institua]
729 2738 871 2796 horrescunt.
881 2747 1011 2804 mutatque
1021 2739 1108 2804 supini,
1121 2749 1147 2789 ut
1159 2739 1229 2790 avolli

175 2815 254 2876 Lege,
271 2813 365 2860 inultm
390 2813 451 2861 Met.
467 2813 502 2861 iv.
521 2814 586 2862 426:
608 2813 680 2862 “Nil
730 2829 776 2861 nou
794 2813 912 2879 queaut.”
945 2815 970 2861 Si
989 2813 1102 2862 bannita
1122 2813 1230 2877 conjicio.

175 2885 267 2950 poterit
276 2887 341 2935 Juuo
352 2885 397 2933 uisi
406 2886 556 2936 inultosllare
564 2886 680 2936 doloress’
730 2886 825 2950 Vulgo:
844 2889 928 2935 haustu
942 2889 1044 2950 quodam
1078 2887 1118 2934 Dc
1133 2886 1231 2950 quoni·

176 2958 321 3010 Ubinultos
334 2958 415 3023 scripti
425 2960 531 3024 plerique
542 2975 679 3025 perperam:
730 2959 765 3007 hil
782 2960 930 3017 Aristoteles,
946 2960 990 3007 lib.
1007 2959 1039 3009 iv.
1058 2974 1111 3024 cap.
1128 2962 1149 3007 1.
1166 2959 1230 3008 nude

175 3033 213 3083 sic
230 3040 256 3082 ct
272 3033 337 3097 apud
354 3032 452 3098 Apulei.
466 3034 486 3082 i.
500 3035 561 3082 Met.
577 3035 679 3083 scriben-
730 3033 772 3081 illa
782 3033 912 3097 desumpsit
923 3032 1023 3080 Plinius.

175 3107 236 3156 dum
249 3107 340 3171 opinor,
350 3125 399 3170 quc
412 3125 482 3170 prun
495 3110 589 3157 srrfflnds
599 3111 682 3158 inultis
764 3108 804 3155 32.
821 3108 869 3154 sna
879 3108 928 3171 lege
938 3106 1002 3168 loci]
1021 3104 1114 3153 Plinius
1124 3104 1211 3153 ibidem
1224 3123 1229 3151 :

175 3192 310 3234 mem
323 3198 371 3232 uon
386 3201 401 3230 a
417 3185 497 3231 multis
513 3193 683 3232 aonemun—
731 3182 825 3228 colorem
846 3189 920 3226 molat
940 3182 970 3226 ad
987 3180 1159 3226 similitudinem
1178 3179 1230 3226 ioci.

179 3255 683 3307 Dcludit.Diluditcd.Gesu.Bcrs.Vlitii.
733 3255 798 3302 Loci.
841 3253 961 3302 Ovidinua
988 3252 1075 3301 locutio
1101 3251 1136 3300 iii.
1158 3252 1230 3299 Am:

211 3333 256 3381 26.
285 3331 317 3378 Et
339 3330 468 3392 Masona]
502 3330 574 3378 llunc
604 3329 682 3378 locum
733 3329 819 3376 ‘'Hac
840 3346 865 3376 er
883 3330 930 3392 legs
950 3330 992 3377 loci
1010 3325 1134 3375 commoda
1154 3326 1232 3374 circus

178 3403 452 3459 adumbravit-Plinius,
468 3403 511 3451 lib.
527 3402 601 3451 xxxii.
619 3418 641 3450 c.
659 3404 683 3450 θ.
734 3402 836 3450 habet.'’
865 3402 1066 3464 H.—Mntotpus.
1101 3400 1229 3463 Mittimus,

177 3478 221 3528 uhi
231 3478 267 3526 ita
277 3486 328 3525 ast:
346 3477 504 3525 “Murranum
520 3475 626 3524 maculas
639 3490 682 3539 ap·
733 3475 845 3523 Ambros.

176 3562 262 3618 patara
279 3551 353 3615 ipsas,
366 3550 486 3599 omsciam
504 3551 585 3598 teretis
601 3565 629 3598 ac
646 3549 681 3597 lu·
763 3551 805 3599 33.
822 3552 896 3613 tltqrrr
916 3551 954 3596 uhi
975 3550 1072 3610 pradum
1096 3548 1232 3596 Pendentem

176 3627 240 3676 brici
250 3625 320 3689 tergi,
328 3635 378 3673 turn
389 3623 515 3688 multiplici
524 3624 585 3672 flexu
592 3623 682 3677 laxare.
732 3626 786 3673 retis
797 3626 886 3678 nvidus,
898 3623 960 3684 etc]
980 3622 1144 3684 Pantagathus
1151 3620 1232 3685 legen·

177 3698 384 3750 donseevmarst’
403 3698 472 3748 Cras.
732 3698 789 3746 dum
809 3696 910 3762 putavit,
929 3700 989 3751 satis,
1007 3711 1054 3743 unu
1072 3701 1146 3745 ratis:
1171 3710 1234 3745 uera.

210 3776 256 3825 Ἡ.
276 3775 389 3823 Conversa
398 3773 541 3839 foramina]
567 3773 683 3823 &nnana
733 3771 833 3835 Equinis
847 3771 919 3826 enim,
929 3778 956 3818 ut
968 3784 1032 3818 nuuc
1046 3786 1141 3834 quoqne
1151 3770 1187 3825 fit,
1198 3786 1236 3819 sr-

169 3851 254 3916 som
265 3848 337 3897 MSS.
353 3848 430 3896 loru.
733 3845 763 3894 tis
774 3845 834 3894 albis
847 3845 877 3894 ad
892 3843 1071 3911 suspendendos
1084 3845 1166 3894 hamos
1177 3861 1233 3910 cap·

209 3925 254 3972 29.
273 3920 421 3984 Eramploqus
437 3931 510 3977 nocet,
525 3920 585 3983 eto]
603 3920 643 3969 Sic
660 3929 684 3968 ct
734 3919 813 3968 tundis
836 3920 940 3984 piscibus
965 3935 1019 3967 usos
1046 3919 1143 3985 priscos,
1165 3920 1236 3967 docet

176 3996 273 4062 scripti.
302 3995 473 4059 Castigaudum
483 3994 592 4043 omniuo:
611 4000 627 4022 ⁸⁴
636 3995 684 4042 Ex·
735 3993 878 4043 Plutarchus
903 3994 928 4042 iu
954 3993 1034 4042 libello
1060 3994 1095 4041 De
1120 3995 1236 4040 industrio

177 4070 309 4136 emploqua
326 4084 415 4117 nocens
431 4071 523 4117 cunctis
536 4068 582 4116 iter
596 4067 686 4117 invenit
736 4071 871 4117 animalium
879 4087 887 4125 ,·
904 4069 1001 4132 ejusque
1015 4067 1049 4114 rei
1064 4066 1176 4113 rationem
1190 4064 1233 4110 ad-

178 4141 259 4193 uua.”
293 4143 408 4207 Apposito
418 4141 685 4196 Philanderuuraena.
737 4143 781 4192 lert
792 4143 926 4208 Oppianus,
940 4142 998 4188 libro
1009 4140 1043 4187 iii.
1060 4140 1090 4188 C.

175 4217 209 4269 ‘u
219 4219 269 4282 μὲν
281 4215 430 4282 γὰρῑνθινό
442 4216 514 4275 εὐθὺς
526 4215 687 4281 dndpsrpimr
771 4218 811 4264 34.
829 4216 912 4264 Fallit.
932 4215 1001 4263 MSS.
1019 4215 1102 4261 stitllt:
1123 4218 1148 4257 et
1166 4223 1236 4273 supra
