2806 5018
348 370 608 438 msronuu
633 371 724 436 um.
749 372 812 440 rv.
1043 336 1130 444 aaa

56 543 140 616 Aut
157 543 295 617 virides
313 546 466 630 malvas,
486 555 552 618 aut
569 543 704 640 fungos
721 545 862 642 colligit
878 546 1007 636 albos3

111 658 192 730 Aut
210 659 388 734 humilem
408 671 512 755 grato
531 658 681 732 calfacit
699 659 786 755 igne
804 660 942 735 focum.

59 773 111 848 Et
128 786 256 848 tamen
274 775 436 848 assiduis
454 787 608 848 exercet
626 777 780 848 brachia
798 777 905 864 telis3

112 889 401 987 Adversumque
420 891 539 963 minas
557 890 703 985 frigoris
721 915 825 964 arma
842 905 961 989 parat.
1036 898 1109 967 700

61 1006 182 1079 Filius
201 1006 312 1102 hujus
328 1016 408 1079 erat
426 1005 545 1103 primo
563 1006 723 1078 lascivus
743 1007 780 1077 in
798 1030 899 1094 aevo;

113 1122 399 1218 Addideratque
415 1145 532 1195 annos
545 1122 593 1194 ad
610 1123 685 1193 duo
703 1121 822 1194 lustra
838 1122 946 1195 duos.

61 1236 102 1309 Is
122 1238 224 1334 capit
241 1238 401 1310 extremi
418 1238 568 1334 vulpem
586 1238 656 1308 sub
674 1235 771 1308 valle
789 1236 933 1308 salicti:

113 1351 334 1425 Abstulerat
352 1352 489 1425 multas
508 1352 571 1423 illa
588 1351 751 1424 cohortis
770 1375 879 1437 aves3

63 1466 266 1563 Captivam
285 1468 424 1564 stipula
441 1467 616 1564 soenoque
635 1466 798 1552 involvit,
818 1478 856 1539 et
873 1466 979 1562 ignes
1038 1471 1110 1542 705

114 1582 325 1657 Admovet:
356 1596 506 1657 urentes
525 1583 656 1678 effugit
673 1582 738 1654 illa
755 1606 899 1656 manus.

64 1696 153 1781 Qua
171 1697 278 1793 fugit,
299 1699 465 1771 incendit
482 1699 636 1770 vestitos
657 1697 842 1770 messibus
861 1720 993 1793 agros;

115 1811 320 1884 Damnosis
338 1814 434 1888 vires
452 1813 602 1909 ignibus
621 1838 712 1887 aura
729 1813 855 1886 dabat.
945 1815 1111 1909 [captam

64 1926 227 1999 Factum
254 1927 367 2016 abiit,
398 1940 640 2001 monumenta
673 1938 845 2001 manent:
875 1951 962 1999 nam
989 1927 1112 1999 vivere

118 2042 155 2114 N
159 2068 232 2116 unc
251 2068 403 2141 quoque
420 2046 482 2117 lex
501 2047 652 2142 vulpem
665 2044 894 2117 Carseolana
910 2052 1024 2115 vetat.
1040 2047 1113 2115 710

67 2157 202 2254 thue
217 2159 297 2232 luat
314 2184 444 2256 poenas
462 2185 554 2257 gens
572 2161 665 2245 haec,
687 2159 906 2232 Cerealibus
925 2158 1052 2246 ardet;

119 2273 282 2370 Quoque
301 2265 412 2348 modo
430 2286 577 2371 segetes
596 2274 771 2372 perdidit,
791 2274 874 2371 ipsa
890 2273 1000 2370 perit.

65 2391 263 2464 Posrnua
285 2416 402 2488 quum
419 2393 556 2478 veniet,
574 2403 691 2464 terras
710 2390 832 2463 visura
850 2400 1035 2486 patentes

119 2505 334 2579 Memnonis
353 2508 390 2579 in
410 2508 525 2580 roseis
543 2509 646 2579 lutea
664 2516 782 2579 mater
799 2505 929 2602 equis:

66 2619 219 2694 Educe
235 2623 389 2718 lanigeri
408 2622 567 2719 pecoris,
587 2621 653 2720 qui
672 2621 837 2719 prodidit
856 2617 1005 2706 Hellen,
1039 2622 1112 2691 715

119 2735 187 2810 Sol
206 2738 307 2812 abit:
337 2763 489 2834 egresso
507 2738 658 2811 victima
676 2739 794 2834 major
812 2736 932 2808 adest.

65 3001 89 3052 vi
97 3005 184 3054 malva
192 3006 297 3056 salubres
308 3008 424 3073 corpori,''
432 3007 472 3058 ubi
481 3009 567 3058 rustica
649 3008 787 3056 713-720.
797 3005 856 3054 x11.
866 3005 966 3053 Kalend.
979 3005 1055 3052 Maias
1063 3003 1113 3051 aive

63 3086 80 3106 ‘⁸
94 3079 194 3127 Sacram
211 3080 310 3129 vetustis
327 3081 427 3129 exstruit
443 3081 513 3143 liguis
533 3082 566 3129 lo·
617 3082 656 3129 die
667 3099 706 3129 rx.
715 3081 791 3144 April.
807 3081 845 3126 Sat
856 3097 882 3126 er
893 3082 968 3126 Ariete
979 3083 1003 3126 in
1014 3079 1116 3125 Taurum

66 3167 123 3200 cum
135 3152 255 3201 lassiaub
267 3154 394 3203 adveutum
407 3155 475 3203 viri.’'
494 3155 565 3202 Erer-
622 3159 714 3210 transit,
731 3152 794 3216 quod
812 3151 950 3200 Gassendus
970 3151 1045 3216 pridie
1066 3149 1115 3198 tieri

67 3236 112 3280 aet,
130 3236 247 3291 occupata
262 3237 335 3276 tenet.
362 3230 395 3277 Ut
409 3229 448 3277 hic
465 3229 568 3286 lanifica,
618 3227 696 3275 docet.
733 3227 826 3274 Aurora
848 3225 918 3272 etiam
936 3226 1039 3272 Metam.
1063 3224 1114 3272 xiii.

66 3298 100 3346 ric
112 3299 214 3347 Metam.
223 3316 262 3349 xv.
276 3302 333 3350 ⁴71.
344 3301 395 3349 ovis
405 3309 421 3330 ⁰
431 3302 568 3350 horriferum
619 3303 674 3349 579.
688 3301 814 3348 Memnonis
823 3301 884 3346 larsa
893 3309 974 3351 mater.
983 3306 1007 3346 et
1018 3296 1116 3362 passim,

67 3382 155 3420 contra
166 3372 258 3421 borean
269 3390 335 3422 arma
345 3375 486 3423 ministrat.”
618 3385 644 3424 ut
659 3376 721 3422 Met.
733 3374 773 3421 vii.
785 3374 840 3420 703.
855 3375 926 3428 lutea,
937 3371 1013 3421 scilic.
1023 3386 1114 3430 crocea,

101 3446 159 3494 70³.
181 3445 397 3503 Eutrami—ralr'ctt,
417 3448 441 3496 in
464 3458 569 3496 extrema
619 3457 715 3498 vocatur
731 3464 745 3496 a
764 3451 822 3503 luto,
843 3447 922 3495 herbar
938 3460 1033 3509 genere,
1047 3445 1115 3510 cujus

67 3518 139 3567 vallis
160 3529 227 3582 parte
248 3520 332 3569 salicto
352 3520 437 3569 obsita.
479 3523 568 3578 Cohors,
618 3538 690 3571 succo
709 3524 776 3570 flava
791 3520 926 3569 inficiuntur
937 3529 1022 3568 vestes.
1054 3519 1116 3568 Turn

70 3607 134 3639 cora.
144 3592 214 3639 Varr-
224 3592 254 3640 de
271 3593 430 3649 RsRustica,
442 3594 476 3642 iii.
487 3597 524 3643 ³.:
543 3599 568 3642 r'n
619 3602 644 3646 r'a
665 3601 732 3644 roseis
750 3597 860 3660 fulgebat
882 3596 945 3643 lutra
966 3596 1022 3658 bigis
1044 3595 1115 3642 etiam

67 3666 142 3724 plano
157 3665 279 3720 cohoruis
292 3684 337 3728 qua
352 3669 502 3729 pascebantur
517 3670 568 3732 gal·
620 3670 716 3718 AEueid.
736 3669 776 3717 vii.
795 3671 836 3717 26.
868 3668 989 3732 Respecto
1013 3667 1117 3715 siderum

71 3740 135 3786 lirrae.
159 3737 263 3786 Galliae
275 3755 338 3788 nunc
355 3757 406 3788 avar
419 3740 529 3789 dicuntur
545 3749 571 3788 ut
619 3743 807 3810 despectantium
820 3753 885 3790 terra
896 3752 959 3790 recte
970 3750 1071 3804 patenter
1081 3740 1117 3789 di·

69 3811 167 3876 ὄρνιθές
179 3812 279 3861 Grecis.
620 3828 713 3867 cuntur.
747 3820 833 3865 Arietis
843 3816 935 3880 siguum
951 3814 1075 3879 descripsit
1087 3829 1116 3863 ex

104 3887 161 3936 709.
178 3887 246 3935 Facti
262 3888 327 3936 illius
343 3889 384 3937 diu
399 3888 511 3954 preteriti
526 3908 571 3938 rao·
622 3892 711 3956 mytho.
721 3906 792 3955 quern
806 3890 840 3938 iii.
851 3891 898 3938 867
909 3905 961 3953 sqq.
971 3888 1058 3947 baben
1075 3886 1117 3936 aed

66 3971 179 4008 cunata
192 3972 296 4010 manent.
331 3963 480 4012 Monumenta
491 3972 570 4012 autem
623 3981 696 4029 quum
710 3965 781 4011 Tauri
797 3963 863 4013 sidus
880 3966 994 4012 uictimam
1010 3964 1117 4022 majorem

64 4033 147 4096 legem
164 4033 286 4098 iutelligit,
297 4035 335 4084 cui
353 4036 442 4086 facturn
458 4036 571 4100 originem
620 4047 699 4093 vocat,
712 4037 769 4102 quia
783 4046 864 4085 taurus
877 4035 964 4084 animal
980 4035 1005 4082 in
1016 4032 1117 4082 victimis

67 4106 146 4164 dedit,
164 4123 266 4172 quaque
287 4109 347 4158 adeo
363 4110 501 4159 memoriam
521 4110 572 4174 ejus
621 4112 748 4177 majoribus
761 4122 805 4167 eat,
816 4119 945 4175 argutatur.
978 4158 981 4167 ἡ

66 4189 160 4229 seml-
