2806 5018
175 335 241 401 852
472 333 510 398 P.
535 328 697 397 OVIDII
720 330 933 399 NASONIS

175 509 278 583 Zona
294 508 387 582 latet
402 516 468 581 tua
485 529 597 593 nunc,
613 516 652 581 ct
665 528 748 580 cras
766 506 924 582 fortasse
942 506 1092 594 latebit;

226 623 374 699 Dehinc
391 621 474 709 erit,
496 621 625 711 Orion,
644 623 889 722 adspicienda
905 623 1010 697 mihi.

174 740 274 815 Arsi
293 763 367 814 non
385 749 485 815 esset
499 750 624 839 potus,
643 740 803 816 dixisset
820 740 952 815 eadem

224 855 434 929 Venturum
451 865 602 953 tempus
621 855 818 931 solstitiale
834 856 910 931 die.
1137 855 1192 925 790

176 969 389 1045 Lucrruno
408 972 605 1058 subeunte,
626 970 740 1047 Lares
757 972 914 1047 delubra
929 972 1106 1057 tulerunt,

225 1085 299 1160 Hic
317 1088 381 1161 ubi
398 1089 441 1160 fit
457 1088 570 1163 docta
586 1090 706 1163 multa
721 1113 858 1164 corona
874 1112 1001 1164 manu.
1243 1158 1245 1185 ἰ

173 1201 342 1302 Tempus
366 1203 467 1278 idem
488 1205 615 1279 Stator
635 1205 726 1279 aedis
750 1206 877 1291 babet,
895 1227 1012 1303 qnam
1032 1200 1199 1277 Romulus

224 1320 325 1394 Ante
344 1319 507 1394 Palatini
525 1321 693 1395 condidit
709 1345 776 1396 ora
787 1322 882 1419 jugi.
1114 1318 1200 1416 [oliu

173 1434 260 1509 Tor
279 1459 469 1509 nusrnrsr
483 1435 532 1510 de
546 1461 675 1511 mense
688 1437 784 1524 dies,
801 1446 893 1534 quot
907 1436 1061 1510 nomina
1074 1433 1200 1518 Parcis,

223 1549 350 1635 Quum
367 1550 456 1625 data
473 1563 560 1627 sunt
576 1553 716 1626 trabeae
734 1553 887 1651 templa,
907 1551 1078 1638 Quirine,
1097 1559 1177 1624 tuas.

174 1664 347 1739 Taurus
367 1666 482 1743 luleis
498 1691 581 1742 cras
599 1678 658 1742 est
674 1668 798 1742 natale
818 1666 1025 1758 Kalendis3

225 1781 409 1872 Pierides,
428 1784 563 1882 coeptis
581 1784 708 1859 addite
727 1806 873 1858 summa
890 1783 999 1858 meis.

177 1896 316 1986 Dicite,
335 1898 518 1987 Pierides,
538 1900 623 1997 quis
640 1924 705 1974 vos
723 1902 937 1999 adjunxerit
953 1900 1028 1990 isti,

226 2014 299 2088 Cui
316 2015 423 2090 dedit
439 2016 574 2091 invitas
591 2018 689 2093 victa
706 2039 866 2092 noverca
882 2015 1043 2091 manus?
1143 2016 1200 2089 800

175 2129 240 2204 Sic
254 2156 347 2228 eg03
376 2132 430 2205 sic
449 2132 555 2207 Clio:
585 2133 674 2208 clari
693 2143 934 2209 monumenta
952 2131 1120 2231 Philippi

224 2246 422 2345 Adspicis;
450 2249 551 2322 unde
568 2249 682 2322 trahit
700 2249 845 2324 Marcia
861 2258 967 2323 casta
983 2270 1125 2344 genus:

175 2485 235 2521 anos
252 2486 298 2520 non
314 2470 340 2519 in
357 2471 475 2536 signorum
491 2471 572 2528 initiis,
588 2472 630 2522 sed
646 2472 672 2522 in
721 2473 746 2523 ii.
765 2474 821 2523 504.
857 2473 983 2537 Templum
1005 2470 1066 2521 illud
1086 2469 1206 2535 andorn.

175 2544 265 2594 oetavis
288 2547 395 2611 partibus
423 2548 572 2607 statuebant;
598 2548 671 2598 Colu-
720 2548 799 2597 statim
816 2555 868 2612 post
882 2545 980 2595 Romuli
995 2553 1097 2594 mortem
1110 2543 1207 2611 pnitm·

175 2618 352 2676 mellairdl:
374 2626 391 2648 “
403 2619 457 2668 Nec
478 2635 516 2669 me
534 2621 595 2669 fallit
610 2621 670 2688 Hip·
721 2623 802 2672 Cesar
816 2620 962 2670 Octavianus
975 2618 1109 2676 exornavit,
1121 2617 1208 2667 iteru-

174 2692 257 2759 parchi
275 2693 343 2751 ratio,
365 2709 417 2758 que
437 2693 507 2742 docet
527 2694 627 2743 solstitia
647 2704 672 2744 et
722 2693 908 2761 quededicavit.

175 2767 318 2832 equinoctia
338 2783 385 2816 nou
405 2767 503 2823 octavis,
522 2768 565 2816 sed
591 2768 672 2833 primis
754 2769 891 2818 rot-suo.
905 2768 991 2816 Ultimo
1001 2771 1039 2816 die
1048 2765 1211 2817 natumst·

175 2842 282 2907 partibus
291 2842 409 2907 signorum
420 2841 513 2890 confici.
548 2843 636 2891 Verum
647 2844 672 2891 iu
723 2844 843 2893 blesorum
862 2852 959 2891 amota.
993 2843 1030 2889 Μ.
1051 2841 1148 2890 Fulvius
1167 2840 1210 2889 No·

176 2916 222 2964 bac
250 2916 310 2964 ruris
338 2915 471 2981 disciplina,
500 2931 585 2980 sequor
609 2932 672 2966 nuuc
720 2917 789 2968 bilior
797 2910 1211 2978 noremMusarumsignsAmbrstis

176 2990 268 3040 Eudoxi
290 3000 314 3039 et
338 2990 452 3045 Metonis,
477 2992 672 3056 antiquorumque
723 2993 824 3040 Romam
839 2990 952 3039 uamlsta
965 2989 990 3037 iu
1006 2987 1118 3037 Herculis
1131 2986 1210 3052 tempto

175 3065 257 3114 Festos
274 3065 451 3129 astrologorum,
470 3065 510 3129 qui
527 3075 581 3114 suut
598 3065 672 3132 aptati
721 3064 840 3114 dedicavit
867 3062 980 3127 (Plinius,
1003 3064 1035 3111 35
1055 3077 1099 3110 seu
1118 3061 1159 3109 36.
1176 3058 1212 3119 4.)

175 3138 437 3204 publicissacrificiis.'’
721 3139 793 3204 idque
822 3139 926 3186 Marcius
954 3137 1076 3198 Pltr'lippats
1102 3132 1211 3192 restitnin

209 3216 264 3263 791.
282 3213 484 3262 Loriametdoor's
495 3214 592 3261 Statoris
602 3215 672 3262 aeder:
722 3212 855 3268 Suetonius,
866 3211 1019 3274 AugustPS.
1054 3207 1211 3258 Eumemuris

175 3287 205 3337 de
216 3288 311 3352 templo,
323 3286 386 3352 quod
399 3287 513 3336 Romulus
523 3287 574 3335 Joor'
586 3288 672 3335 Statori
721 3287 765 3334 Or.
777 3302 819 3351 pro
833 3294 887 3335 rest.
897 3284 955 3333 Scb.
967 3299 1021 3349 cap.
1034 3285 1061 3331 7.
1077 3290 1158 3331 auctor
1169 3290 1209 3335 ert,

177 3361 202 3409 in
217 3361 281 3409 bello
297 3377 352 3410 cum
368 3361 462 3410 Sabinis
478 3362 550 3417 vovit,
562 3360 616 3409 vide
632 3361 671 3408 Li·
722 3359 838 3416 Fulvium,
854 3359 878 3407 iu
896 3357 990 3407 Graecia
1008 3372 1083 3421 quum
1099 3363 1160 3404 esset
1172 3356 1210 3402 ira·

175 3435 248 3492 rium,
263 3436 278 3484 i.
294 3438 324 3484 12
331 3455 338 3495 i
355 3437 457 3493 Florum,
470 3436 492 3484 1.
504 3436 519 3484 i.
533 3438 571 3484 13.
604 3436 671 3485 Posi·
721 3442 823 3498 perator,
836 3431 954 3497 accepisse
966 3429 1095 3479 Herculem
1106 3430 1212 3491 Μωμ-

177 3515 227 3556 lum
244 3518 295 3557 erat
311 3509 342 3557 ad
355 3517 445 3575 portam
459 3510 606 3574 Mugonism,
618 3526 671 3575 qum
722 3517 768 3556 tem
786 3523 845 3564 esse,
856 3506 881 3555 id
896 3514 939 3561 est,
958 3503 1068 3553 comitem
1085 3502 1210 3566 ducemque

176 3580 278 3630 ducebat
299 3598 313 3630 a
334 3584 372 3630 via
392 3599 459 3632 sacra
480 3583 511 3631 sd
536 3582 672 3642 Palatium
720 3581 854 3629 Musarum.
880 3580 918 3627 De
928 3594 957 3628 eo
966 3577 1037 3627 valde
1049 3576 1142 3625 dubitat
1152 3576 1211 3638 Hey·

176 3653 314 3718 Dionysius,
336 3656 362 3702 ii.
383 3660 423 3705 50.
463 3657 528 3705 Olim
550 3657 672 3714 edebatur,
722 3650 1017 3718 niusinOpusc.Acsdd.
1031 3649 1212 3714 votitpats,

179 3727 273 3788 Tempus
283 3732 341 3776 idem
352 3731 448 3778 Statoris
460 3734 512 3788 erit,
523 3731 638 3796 producta
647 3731 672 3780 in
723 3728 840 3776 recentius
863 3742 914 3775 esse
935 3725 1046 3774 Herculis
1067 3738 1122 3772 cum
1143 3720 1213 3770 blesis

176 3801 273 3849 Statoris
283 3803 358 3865 prima
368 3804 475 3867 syllabs5
492 3805 555 3869 quod
568 3804 620 3853 lerri
630 3821 671 3853 ne·
723 3800 910 3850 eontubernium.
955 3800 1051 3861 Tempus
1072 3800 1149 3846 natale
1170 3795 1211 3842 lle·

177 3875 236 3939 quit.
269 3875 381 3925 Heinsius
394 3876 466 3942 igitur
480 3895 509 3927 ex
521 3878 600 3926 Ursini
613 3880 672 3942 opti-
723 3878 809 3933 lendin
823 3872 1141 3930 oriuntur,suutl(alendre.
1172 3870 1212 3917 Νο-

178 3964 224 4005 mo,
237 3965 284 3997 uuo
299 3949 414 3999 Patauino
431 3960 455 3999 et
472 3952 576 4014 margine
593 3952 672 4001 Sarra-
722 3967 798 4007 oercn,
814 3951 886 4004 Juno,
900 3951 984 3996 innitor
1000 3963 1082 3994 mosas
1097 3949 1169 4000 dedit,
1182 3945 1214 3991 iu·

176 4023 250 4081 viani,
261 4025 339 4072 Stator
347 4027 400 4074 odis
411 4027 474 4073 labet
485 4025 582 4089 recepit.
723 4025 772 4072 rita
788 4023 866 4079 cessit,
879 4022 920 4070 ubi
937 4020 1032 4086 Jupiter
1049 4020 1177 4068 Herculem
1192 4016 1213 4064 in

211 4098 266 4149 796.
285 4099 374 4149 Trabea
385 4110 429 4149 tac
438 4100 509 4165 paulo
519 4099 608 4156 durius,
622 4100 674 4157 tibi,
724 4098 812 4147 coelum
823 4097 930 4162 aecepil;
947 4097 1047 4144 Metam.
1058 4094 1091 4142 ix.
1101 4095 1150 4142 aet
1161 4105 1210 4156 sqq.

175 4173 234 4239 quis
248 4173 366 4224 Romulus
376 4176 454 4224 trabea
467 4173 581 4238 insignis,
597 4175 613 4222 i.
627 4175 658 4222 37
667 4192 674 4235 5
756 4173 813 4220 802.
833 4172 932 4229 Mareia,
948 4169 1015 4218 Fabii
1033 4167 1138 4217 Maximi
1157 4179 1216 4219 asor,
