2806 5018
299 337 345 405 98
591 338 631 402 Ρ.
654 336 817 403 OVIDII
840 335 1051 405 NASONIS
1111 434 1116 442 Ι

306 509 368 598 Et,
381 508 488 584 Bene
501 533 582 596 nos,
595 510 739 607 patriae,
748 511 845 584 bene
859 519 910 595 te,
919 512 1038 607 pater,
1049 507 1193 606 optime
1205 508 1349 594 Caesar,

357 624 496 711 Dicite,
515 623 657 698 suffuso
675 649 743 723 per
760 647 866 699 sacra
882 625 996 699 verba
1013 647 1129 705 mero.

307 738 400 811 Nox
418 739 481 811 ubi
496 739 697 827 transierit,
716 739 828 825 solito
847 740 1057 813 celebretur
1075 738 1230 825 honore,

357 854 518 953 Separat
535 854 673 928 indicio
692 853 759 949 qui
778 854 883 928 Deus
901 879 988 943 arva
1004 878 1085 927 suo.
1276 855 1349 925 640

305 967 492 1055 Termine,
512 970 589 1043 sive
607 969 715 1066 lapis
735 969 813 1043 sive
829 994 871 1043 es
889 969 1061 1043 defossus
1079 968 1117 1040 in
1134 991 1223 1064 agro

358 1083 486 1181 Stipes
500 1085 548 1160 ab
566 1084 742 1180 antiquis,
762 1084 815 1157 sic
835 1107 987 1180 quoque
1006 1106 1144 1157 numen
1165 1083 1298 1156 habes.

307 1197 362 1272 Te
380 1198 456 1272 duo
473 1198 621 1283 diversa
637 1199 776 1272 domini
795 1222 861 1296 pro
879 1209 985 1296 parte
1002 1209 1204 1288 coronant;

359 1312 532 1410 Binaque
551 1325 650 1387 serta
667 1312 748 1398 tibi,
767 1312 931 1409 binaque
946 1312 1022 1385 libe
1038 1311 1175 1386 ferunt.

307 1427 385 1501 Ara
399 1427 463 1502 fit:
493 1429 565 1502 huc
584 1429 711 1523 ignem
728 1439 834 1500 curto
851 1426 922 1500 fert
939 1425 1080 1500 rustica
1096 1436 1199 1500 testu
1275 1428 1349 1499 645

359 1541 536 1615 Sumtum
551 1542 600 1616 de
617 1541 756 1640 tepidis
773 1541 855 1639 ipsa
873 1542 1007 1614 colona
1023 1540 1129 1615 socie.

308 1654 428 1752 Ligna
444 1681 562 1731 senex
579 1656 726 1743 minuit,
746 1658 975 1754 concisaque
993 1656 1176 1731 construit
1193 1656 1292 1744 alte;

358 1769 409 1844 Et
426 1771 546 1846 solida
559 1796 680 1846 ramos
697 1773 812 1869 figere
829 1786 972 1871 pugnat
988 1774 1115 1849 humo.

308 2022 423 2070 Fornulos
443 2021 468 2070 in
486 2021 531 2070 hec
552 2038 577 2071 re
595 2023 720 2080 solemnes,
742 2022 805 2072 Bene
855 2023 935 2088 pidem
951 2024 1032 2072 colunt
1041 2022 1165 2072 informem
1176 2028 1249 2086 atque
1260 2021 1352 2078 rudera,

307 2115 355 2154 sos,
370 2100 424 2147 bens
440 2113 484 2154 ves,
501 2099 645 2154 tonsillam,
661 2097 804 2146 scilicetvs·
854 2095 893 2144 cui
915 2091 1000 2146 nomen
1020 2105 1057 2145 est
1071 2093 1270 2160 Terminus—qui
1286 2095 1354 2144 Deus

307 2169 577 2239 lereprecor.Tibullns,
585 2170 726 2219 11.i.31:‘·
738 2171 804 2219 Bene
854 2184 901 2217 non
923 2179 1013 2218 tentum
1035 2169 1104 2234 lepis,
1121 2167 1164 2216 sed
1184 2166 1259 2216 etiam
1281 2167 1353 2233 stipes

307 2244 447 2303 Messalam,
458 2259 501 2293 sua
512 2243 613 2308 quisque
628 2243 658 2291 ad
672 2243 758 2307 pocula
768 2242 804 2291 di·
854 2241 971 2291 interdum
994 2242 1056 2291 est.”
1090 2240 1178 2291 Confer
1197 2240 1280 2290 mbul.
1299 2243 1321 2289 1.
1338 2240 1354 2288 ἰ.

307 2318 371 2366 cst.”
404 2318 557 2379 Quemquam
573 2323 598 2363 et
612 2314 685 2363 dativ.
700 2315 805 2363 addeba-
857 2316 895 2363 ll.
930 2318 981 2366 Hos
998 2315 1061 2381 ipsos
1079 2316 1202 2363 Terminus
1218 2316 1285 2365 Deos
1302 2331 1353 2365 esse

308 2398 360 2450 tun
377 2390 457 2438 Plaut.
474 2390 541 2437 Pers.
552 2404 575 2436 v.
588 2388 614 2434 l:
633 2394 648 2414 ‘⁴
661 2389 727 2436 Bene
746 2388 804 2436 mihi
854 2389 994 2448 credebant,
1017 2389 1118 2452 Dionys.
1140 2388 1210 2447 θεοὺς
1230 2387 1354 2453 ἡγοῦνται

306 2460 616 2518 benevobis,benesmicss
625 2461 801 2510 meae.''Burm.
850 2461 1047 2527 robcrlppovac.
1077 2461 1140 2510 Hinc
1149 2461 1245 2511 additur
1255 2466 1289 2510 sis
1299 2481 1351 2526 quo·

308 2534 410 2593 dubitet,
421 2544 499 2584 utrum
517 2533 541 2582 h.
552 2533 569 2581 l.
579 2550 626 2590 nos,
637 2549 667 2582 an
682 2532 746 2598 quod
761 2532 802 2581 alii
850 2551 901 2597 qus,
912 2542 958 2583 etc.
969 2534 1048 2583 viliter
1059 2534 1162 2583 materie
1179 2549 1228 2582 non
1239 2533 1350 2601 impedit,

307 2607 404 2663 hebent,
423 2624 459 2655 vos
479 2605 648 2671 preferendum
669 2606 708 2654 sit.
741 2607 802 2654 Tum
852 2623 899 2672 qno
910 2609 987 2656 minus
997 2608 1084 2656 numen
1096 2607 1194 2656 babens.

309 2698 348 2729 nos
363 2679 474 2744 intelligit
492 2679 522 2728 de
539 2689 592 2727 voto
610 2695 652 2745 pro
668 2680 744 2728 salute
762 2696 803 2745 po·
885 2683 941 2729 643.
961 2683 1033 2730 Sacra
1051 2679 1156 2729 Termini
1177 2679 1308 2744 diligenter
1327 2689 1351 2728 et

308 2754 368 2819 puli.
401 2753 519 2818 Equidem
537 2751 644 2817 intelligo
663 2762 743 2801 votum
762 2769 804 2818 pro
849 2755 955 2819 jucunde
970 2740 1097 2819 descripte.
1139 2753 1192 2801 Duo
1209 2755 1307 2819 doqiur',
1327 2769 1350 2800 a·

308 2827 384 2877 saluts
405 2826 552 2876 conviventis
572 2827 677 2874 familie.
717 2826 803 2875 Heius.
851 2843 944 2891 grorum
958 2827 1075 2892 utrimque
1085 2841 1236 2892 possessores,
1245 2835 1269 2873 te
1284 2842 1350 2874 coro·

308 2900 350 2966 qui
364 2918 399 2949 sos
413 2900 515 2966 praefert,
526 2900 551 2948 id
566 2901 642 2958 refert,
658 2900 804 2949 adsalutem
852 2909 918 2955 nant,
934 2910 1032 2964 uterque
1050 2898 1076 2947 in
1093 2908 1160 2964 parte
1176 2914 1234 2962 agro
1248 2915 1293 2947 suo
1310 2900 1351 2947 ob·

308 2975 411 3026 larium.
440 2976 527 3022 Putris
536 2990 590 3022 cum
600 2984 666 3036 poter
672 2975 754 3039 junge.
852 2989 929 3022 versa.
962 2974 992 3022 ln
1009 2973 1096 3022 trifinio
1116 2981 1162 3021 tres
1179 2971 1270 3022 domini
1288 2973 1350 3023 hunc

341 3050 478 3099 oss-684.
491 3048 629 3096 Terminalia
645 3047 749 3095 Kalend.
760 3046 802 3095 vii.
852 3046 963 3096 honorem
973 3047 1094 3096 hebebant
1104 3046 1166 3096 Deo.
1186 3045 1249 3094 mou
1260 3046 1350 3095 cultum

307 3125 381 3174 Mart.
405 3123 487 3170 Numa
497 3121 588 3186 lapides
599 3120 654 3186 poni
664 3121 768 3185 jusserat
779 3119 803 3168 in
853 3135 903 3169 sese
912 3120 1047 3169 Terminum
1063 3119 1135 3168 etiarn
1149 3135 1163 3167 e
1178 3119 1296 3169 Juvenal.
1310 3121 1352 3169 Ss-

308 3213 415 3262 sgrornm
427 3193 643 3260 finibus,quisacri
658 3193 803 3243 essentJovi
852 3192 891 3241 tir.
907 3193 955 3241 rvi.
973 3194 1013 3241 ³9.
1028 3200 1136 3257 apparet.
1172 3191 1235 3240 Bias
1252 3192 1352 3242 husius

306 3270 444 3326 Terminali,
465 3279 489 3317 et
509 3283 576 3317 sacra
596 3266 728 3322 addiderat,
749 3282 802 3330 que
852 3265 942 3314 dictum
954 3274 1023 3331 putat
1034 3282 1085 3330 pro,
1097 3264 1151 3313 duo.
1184 3266 1286 3314 Interea
1302 3266 1352 3315 ferri

308 3343 434 3413 quotannis
454 3343 493 3391 die
510 3350 572 3391 stato
592 3340 623 3389 ad
642 3340 695 3390 illos
711 3341 803 3406 lapides
852 3339 961 3388 solebant
977 3339 1045 3404 ignes
1065 3346 1107 3387 aut
1124 3339 1248 3387 carbones.
1282 3342 1351 3389 Aust.

308 3416 407 3475 fierent,
432 3414 498 3479 quin,
519 3414 625 3479 publicos
641 3412 713 3462 etiarn
735 3429 803 3478 agros
852 3412 882 3459 ad
895 3413 982 3461 Heres.
993 3412 1025 3460 iv.
1035 3413 1061 3460 6.
1074 3419 1089 3439 ‘⁸
1098 3410 1271 3476 ipseavicinis
1280 3429 1350 3477 quum

309 3489 415 3539 terminis
428 3487 565 3552 complexus
578 3496 645 3546 ernt3
663 3487 764 3550 Dionys.
776 3486 802 3534 ii.
853 3495 915 3534 testa
930 3486 1055 3535 ambulans
1067 3485 1227 3535 carbunculos
1245 3502 1350 3552 corregs·

309 3563 414 3628 capit.
440 3560 804 3625 ConlerPlutarch.Nuur.eap.
853 3560 915 3609 ret.”
957 3561 1018 3609 Turn
1044 3570 1136 3609 mrtem
1163 3560 1275 3623 frequens
1302 3575 1350 3609 esse

311 3637 350 3687 16.
367 3643 392 3682 et
409 3636 500 3692 Queat.
515 3632 586 3696 Rom.
602 3641 658 3681 tom.
670 3632 709 3680 vii.
720 3649 744 3697 p.
756 3634 787 3680 83
794 3651 801 3692 ς
853 3648 961 3682 vasomrn
988 3633 1119 3699 epitheton,
1141 3631 1258 3696 exemplis
1285 3633 1351 3681 docet

309 3706 463 3759 hereneus
478 3707 540 3756 Fuls.
555 3705 612 3754 Rel.
623 3707 643 3754 Ι.
654 3722 694 3754 xx.
705 3705 736 3753 37
751 3721 803 3772 sqq.
853 3705 973 3755 Heinsius.
1006 3707 1053 3754 Pro
1070 3716 1126 3753 testo
1141 3706 1264 3754 veteribus
1282 3706 1350 3754 etiam

308 3783 396 3833 Noster
416 3781 495 3830 Deum
512 3779 598 3845 ipsum,
616 3787 641 3827 et
661 3778 732 3827 latius
753 3780 804 3843 ejus
854 3788 913 3827 testu
928 3779 952 3827 in
965 3795 1009 3828 usn
1024 3778 1097 3827 fuisse
1110 3786 1200 3827 certum
1215 3787 1261 3826 est.
1296 3777 1351 3826 lfsd.

307 3871 375 3906 ssers
384 3853 505 3910 describit,
516 3853 630 3916 hymnum
644 3850 734 3916 adjicit,
746 3868 801 3901 con·
853 3851 877 3899 b.
888 3852 905 3899 l.
915 3852 1058 3916 antiquiores
1068 3853 1127 3899 Intt.
1151 3851 1251 3914 Tepidis,
1262 3851 1352 3901 scilieet

307 3928 418 3978 stantiam
435 3927 486 3992 ejus
503 3926 526 3974 in
544 3924 672 3974 resistendo
689 3925 801 3982 celebrat,
851 3939 880 3972 ex
892 3923 947 3988 igne
955 3925 1073 3973 hesterno.

306 4016 437 4068 precesque
448 3998 478 4047 ad
488 4014 544 4047 eum
554 3997 640 4046 fundit.
672 3998 767 4047 Desinit
776 3998 802 4047 in
884 4000 940 4048 647.
954 3999 992 4048 Cf.
1004 4015 1057 4048 curn
1072 4015 1125 4064 sqq.
1135 3997 1198 4046 infra
1210 4001 1311 4058 v.506;
1329 4009 1353 4047 et

306 4074 443 4123 Terminum
453 4070 545 4137 imperii
553 4070 663 4120 Romani.
851 4073 952 4122 Metam.
963 4073 1011 4122 viii.
1022 4073 1067 4121 641
1080 4088 1133 4138 sqq.
1154 4072 1287 4121 Preiverat
1298 4073 1353 4123 vir·

339 4146 396 4195 641.
407 4145 458 4195 Siue
468 4145 534 4207 lapis,
545 4142 603 4209 ete]
615 4143 752 4194 Lactant.“
765 4145 799 4193 la·
851 4145 892 4209 gil.
905 4148 960 4195 AEn.
975 4147 992 4193 i.
1010 4148 1063 4194 17⁴.
1097 4146 1197 4203 Minuit,
1213 4146 1352 4211 confringit,
