2806 5018
536 378 645 445 IBIS.
1051 386 1117 450 507

69 544 188 643 Isque
206 550 265 621 vel
284 551 467 624 exanimis
484 549 598 624 saciat
615 552 684 624 tibi
700 553 848 641 vulnus,
868 565 911 628 ut
928 555 995 644 illi,

121 662 199 738 Ora
216 689 331 762 super
347 666 412 738 fixi
431 690 545 762 quem
563 667 735 740 cecidere
754 669 844 742 suis.

69 776 157 852 Sive
174 778 276 852 idem
293 781 404 854 simili
422 781 532 879 pinus
550 806 664 879 quern
683 793 802 856 morte
819 785 1000 880 peremit:

117 892 250 993 Phryx
268 907 307 968 et
323 909 478 970 venator
494 898 546 970 sis
565 897 900 995 Berecynthiades.
1016 950 1021 957 ·
1038 906 1112 980 510

66 1006 108 1079 Si
127 1018 193 1081 tua
209 1010 407 1105 eontigerit
426 1011 575 1084 Minoas
589 1011 728 1109 puppis
746 1035 891 1100 arenas,

116 1120 171 1196 Te
191 1123 434 1222 Corcyraeum
453 1126 605 1200 Cressia
622 1128 734 1199 turba
750 1137 871 1223 putet.

66 1233 349 1337 Lapsuramque
363 1241 517 1314 domum
536 1243 684 1327 subeas,
701 1254 741 1315 ut
760 1242 912 1336 sanguis
929 1240 1068 1329 Alevoe,

117 1351 238 1427 Stella
256 1353 501 1454 Leoprepidae
519 1381 637 1455 quum
656 1357 725 1430 suit
742 1381 853 1454 aequa
868 1357 970 1429 viro:

10 1531 16 1551 ‚
65 1464 195 1562 thue
212 1469 272 1542 vel
292 1468 442 1545 Euenus
459 1473 612 1544 torrenti
631 1471 784 1546 flumine
800 1496 959 1557 mersus,
1033 1476 1107 1545 515

115 1579 279 1656 Nomina
295 1585 364 1657 des
382 1584 534 1683 rapidae,
553 1585 612 1658 vel
630 1583 842 1672 Tiberinus,
862 1608 984 1681 aquae.

58 1819 156 1869 occisus
168 1827 212 1877 est,
223 1828 250 1870 ut
260 1822 370 1886 Orpheus
384 1831 409 1871 et
419 1822 561 1888 Apollonius
610 1822 709 1871 midinm
721 1823 781 1887 ejus,
790 1823 812 1870 ei
823 1822 887 1886 qued
897 1831 981 1887 pactus
989 1829 1052 1871 esset
1066 1839 1108 1888 pro

58 1899 188 1942 testantur.
608 1895 897 1954 illocarminedstnrum
908 1896 1108 1960 reliquumesnis

93 1967 151 2016 50⁷.
174 1967 240 2030 Itque
260 1967 315 2031 set]
336 1968 367 2016 In
386 1984 442 2033 agro
461 1968 560 2018 Posido·
608 1969 827 2033 Tyndaridisque
841 1985 910 2033 aeqne
924 1970 1054 2026 laudasset,
1066 1985 1107 2034 pe·

59 2039 180 2088 nisurum
205 2041 231 2089 in
259 2040 352 2105 regione
379 2041 557 2107 Andrngatlrie:
608 2050 677 2098 teret,
698 2041 719 2091 si
741 2043 763 2090 ei
786 2041 932 2109 rideretur„
952 2042 1029 2090 Panlo
1054 2052 1107 2107 poet

59 2128 125 2178 qum,
141 2112 335 2178 qnnmrenendo
350 2115 486 2172 excelleret,
502 2131 558 2181 nep·
608 2115 687 2164 ferunt
705 2130 756 2164 esse
777 2115 916 2163 nunciatum
935 2113 1060 2171 Simonidi,
1080 2124 1108 2165 nt

56 2193 184 2251 ternmqne
210 2186 312 2236 iersmm
338 2186 418 2252 capita
441 2196 467 2236 et
486 2189 559 2252 pedes
607 2186 725 2253 pmdiret:
747 2189 848 2252 juvenes
867 2197 930 2238 stare
953 2188 986 2236 sd
1007 2188 1107 2252 jannem

59 2258 147 2308 Dima
165 2259 275 2316 vovisset,
292 2269 363 2325 cepto
382 2260 473 2324 ingenti
493 2278 558 2328 apro,
608 2260 668 2310 duos
689 2262 812 2325 quosdam,
828 2261 870 2326 qui
889 2275 944 2310 enm
962 2276 1106 2326 magnopere

57 2331 136 2380 solnm
157 2341 230 2398 eaput
257 2333 332 2382 uberi
359 2334 483 2399 adpendit,
504 2337 558 2386 Dee
608 2333 1106 2400 evocarent,snrrexisseillumipsnm,pro·

59 2415 213 2472 mntempm
230 2422 284 2455 mox
304 2423 378 2472 qnum
398 2408 481 2457 eedem
506 2410 557 2460 loco
607 2407 777 2465 disee‚vidisse
792 2408 918 2456 neminem.
944 2407 998 2456 Hoc
1012 2407 1106 2457 interim

59 2479 173 2529 dorniret
183 2479 312 2530 meridiano
318 2490 386 2538 testu,
394 2482 498 2531 solutum
506 2484 557 2549 apri
607 2483 684 2547 spatio
701 2483 814 2531 conclave
832 2481 902 2538 illud,
912 2481 954 2531 nbi
969 2481 1106 2546 epularetur

57 2561 141 2618 nepot,
152 2552 323 2602 dormientisos
333 2554 457 2618 oppressit.
606 2554 696 2621 Scopas
714 2555 863 2605 concidisse:
887 2571 918 2604 ea
936 2554 1005 2603 ruine
1023 2555 1102 2619 ipsum

91 2626 150 2676 ⁶09.
160 2627 234 2689 Atqu
246 2627 328 2689 idm]
339 2626 401 2691 Atys
410 2635 434 2677 et
447 2629 557 2680 Neuelns
605 2643 742 2694 oppressum
760 2644 814 2678 enm
831 2627 881 2677 suis
896 2627 1039 2686 interiisse?
1056 2637 1105 2680 ete.

56 2699 124 2765 pinei
137 2701 202 2766 pomi
217 2715 275 2748 essu
288 2699 430 2750 dormientes
443 2700 468 2749 in
485 2719 556 2753 rene·
607 2701 662 2751 Fuit
671 2702 734 2752 enim
749 2703 837 2767 Scopae
847 2700 931 2750 Alere
943 2700 1048 2765 sanguia,
1059 2701 1106 2752 lroe

56 2774 211 2824 tiomobruti
219 2782 282 2823 snut.
607 2782 652 2831 est.
671 2791 701 2824 en
719 2775 784 2825 illius
803 2774 924 2841 progenie,
945 2775 1062 2832 Creontis,
1078 2785 1105 2826 et

91 2849 151 2897 511.
174 2847 285 2911 Minus-J
306 2846 368 2897 Socii
388 2845 477 2897 Minois
494 2851 557 2913 regis
606 2846 753 2896 Faebeerstisr
766 2846 838 2903 filins,
855 2855 882 2894 ut
899 2847 1012 2910 interpres
1025 2847 1104 2897 Theo·

57 2919 178 2970 insulem
187 2921 212 2968 in
222 2920 304 2969 Sicilie
313 2919 423 2985 injuriam
438 2921 555 2972 uleiscen-
605 2919 657 2968 criti
676 2921 756 2970 tradit.
782 2922 830 2969 Per
848 2921 936 2968 stellam
950 2934 1007 2981 ergo
1020 2918 1104 2969 Cute-

55 3003 102 3051 tes,
120 2985 258 3059 unicunque
274 3010 304 3043 er
319 2993 400 3043 Sicilie
418 2994 443 3043 in
460 2995 556 3046 Cretam
604 3007 653 3041 rem
678 3002 703 3042 et
727 2992 859 3048 Pollucem,
880 2992 922 3054 qni
949 2989 1104 3040 Geminorum

57 3066 210 3132 navigarunt,
222 3067 403 3116 interficiebant.
604 3065 670 3115 sidus
689 3068 843 3120 constituunt,
860 3063 980 3127 intelligo:
999 3078 1041 3127 per
1051 3065 1103 3128 Ly·

89 3139 500 3203 ola.1apmram.]aleide,arebae
508 3143 555 3192 Le·
604 3143 701 3188 eoridem
731 3149 813 3188 sutem
840 3137 924 3194 vinum,
950 3136 1103 3188 Simonidem.

54 3213 132 3263 rissni
146 3213 203 3270 tilis,
213 3228 268 3262 cum
278 3213 327 3261 viro
339 3212 456 3276 Lycoride
471 3215 556 3264 eedem
605 3213 668 3262 Mic.

56 3288 144 3337 domus
164 3285 234 3335 rnine
252 3285 338 3333 obmte
353 3295 398 3333 est.
418 3287 487 3335 Dore.
523 3287 556 3337 Ut
637 3288 694 3336 514.
710 3286 783 3335 Stella
794 3284 934 3349 Lyeuride.]
952 3283 1029 3332 Recte
1044 3284 1101 3334 Leo·

56 3363 153 3425 mgna
168 3360 252 3408 Aba«.
278 3358 381 3408 Videtur
393 3369 466 3423 poete
482 3360 555 3409 lristo·
602 3362 702 3422 prepidae
719 3360 825 3424 Scaliger
842 3356 987 3406 Ausoniems
1007 3352 1101 3407 lectio·

55 3436 117 3484 riam
131 3432 258 3489 Simonide
272 3432 414 3497 significare,
424 3434 493 3498 cnjus
505 3450 554 3484 me·
604 3433 682 3490 nibus,
699 3434 809 3482 insistens
822 3431 926 3495 vestigiis
936 3440 1044 3479 retemm
1061 3447 1104 3480 ex·

57 3508 150 3556 minere
165 3506 247 3555 Valer.
258 3507 361 3555 Maxim.
371 3505 414 3554 lib.
426 3505 442 3554 i.
458 3523 514 3572 cap.
525 3508 556 3559 de
605 3506 761 3572 emplerium:
781 3505 906 3571 leoprepis
922 3502 986 3552 filius
1001 3503 1104 3554 Simoni·

57 3579 194 3637 nummis,
211 3588 237 3629 et
251 3580 335 3629 Cicero
350 3579 416 3637 item,
431 3580 473 3629 lib.
487 3581 513 3629 ir.
526 3581 556 3630 de
605 3579 662 3640 des;
678 3579 713 3629 ite
722 3581 809 3646 passim
820 3586 935 3626 suctores.
959 3576 993 3624 Η.

58 3658 170 3710 Oratore,
180 3653 251 3717 liujus
261 3654 333 3702 verbe
343 3663 398 3701 sunt
409 3652 474 3701 hec:
485 3660 501 3682 ‘⁸
510 3653 555 3702 Di·
638 3656 695 3703 515.
713 3652 808 3716 thue]
826 3653 931 3706 Euenus,
944 3666 1018 3715 qnurn
1034 3652 1101 3701 Mer·

56 3738 116 3779 ennt
126 3728 199 3784 enim,
210 3741 284 3791 quum
293 3725 519 3776 noeneret'Crnnone
529 3727 555 3776 in
606 3727 692 3791 pissam
708 3726 781 3774 filiam
796 3724 978 3790 pulcherrimam
993 3724 1101 3783 heberet,
1136 3723 1138 3727 '

55 3801 182 3852 Thessalia
205 3798 336 3848 Simonides
357 3798 421 3864 apud
441 3801 553 3864 Scopam,
604 3815 657 3849 enm
670 3809 793 3865 poscentes
804 3799 828 3846 in
837 3813 943 3854 uxorem,
950 3797 975 3845 in
982 3806 1102 3847 certamen

56 3877 203 3925 fortunatum
210 3871 328 3921 hominem
340 3880 364 3919 et
374 3871 555 3929 nobilem,ceei·
604 3876 685 3924 curule
705 3874 856 3940 provocabat,
876 3888 958 3921 eorum
985 3872 1102 3937 quivisti

56 3950 178 4012 nissetque
203 3945 229 3994 id
248 3960 344 3994 carmen
365 3944 429 4009 quod
454 3945 479 3993 in
499 3961 554 3995 eum
604 3957 691 4005 essent,
711 3946 791 4013 capita
818 3946 906 3995 toribus
926 3945 1052 4009 adigebat,
1074 3952 1102 3992 ut

55 4019 234 4086 scripsissetis
248 4035 296 4084 quo
309 4018 384 4067 multa
398 4019 422 4066 in
433 4017 553 4067 Castorem
604 4020 888 4086 reliquosacnnteutioue
895 4018 1029 4067 deterreret
1045 4014 1103 4064 Ides

56 4096 181 4161 scripteet
195 4093 318 4145 Pollucem
328 4091 435 4150 luissent,
446 4091 555 4140 nimisil·
606 4104 694 4151 antem,
714 4096 755 4159 qni
771 4092 876 4159 Apharei
893 4092 955 4139 lilius
975 4089 1101 4143 ferebatur,

55 4169 107 4218 lem
129 4166 222 4217 sordide
236 4164 352 4215 Simonidi
370 4165 501 4221 dixissese
519 4164 555 4213 di·
606 4183 678 4230 quum
693 4175 755 4216 esset
766 4164 881 4230 Neptuni.
894 4161 1101 4226 acceptissimus
