2806 5018
180 336 246 402 486
310 370 318 396 ι
473 334 511 398 P.
536 329 697 400 OVIDH
721 332 934 400 NASONIS

178 506 273 580 Htec
290 518 360 592 est,
380 508 417 578 in
437 505 560 580 Fastis
577 506 639 581 cui
655 508 724 582 dat
740 507 861 603 gravis
878 504 985 579 Allia
997 530 1158 594 nomen,

226 621 398 718 Quaeque
415 621 498 696 dies
517 621 615 708 Ibin,
629 623 782 720 publica
798 622 938 697 damna
954 621 1061 698 tulit.

174 736 250 821 Qui
267 738 391 826 simul,
410 738 558 836 impura
573 739 702 813 mauis
720 739 918 837 prolapsus
934 737 987 819 ab
1005 738 1108 825 alvo,

227 852 456 951 Cinyphiam
473 854 572 929 foedo
589 878 745 953 corpore
764 854 901 953 pressit
917 853 1105 942 humum3

177 967 287 1042 Sedit
303 968 342 1041 in
359 970 515 1044 adverso
533 982 737 1044 nocturnus
753 969 918 1042 culmine
935 969 1059 1055 bubo,
1156 970 1223 1040 225

228 1083 476 1183 Funereoque
493 1109 623 1182 graves
641 1086 762 1161 edidit
777 1109 840 1159 ore
857 1108 984 1161 eonor.

176 1199 354 1274 Protinus
373 1200 603 1276 Eumenides
620 1204 742 1277 lavere
759 1200 992 1300 palustribus
1011 1199 1126 1284 ulvis,

226 1315 314 1400 Qua
327 1339 420 1390 cava
436 1316 485 1390 de
505 1316 648 1414 Stygiis
667 1316 828 1390 fluxerat
842 1315 947 1397 unda
963 1314 1098 1402 vadis;

177 1429 414 1529 Pectoraque
432 1444 622 1505 unxerunt
640 1430 796 1505 Erebeae
812 1430 1103 1517 felle’colubrae,
1210 1484 1213 1495 .

224 1544 375 1642 Terque
393 1557 608 1620 cruentatas
626 1546 845 1644 increpuere
861 1569 1022 1620 manus:
1157 1549 1223 1617 230

177 1661 418 1759 Gutturaque
436 1662 651 1736 imbuerunt
667 1661 824 1735 infantia
839 1663 938 1743 lacte
955 1662 1116 1749 canin03

224 1773 298 1848 Hic
317 1778 458 1874 primus
475 1776 582 1874 pueri
599 1776 702 1850 venit
720 1777 757 1849 in
774 1799 840 1850 ora
855 1776 978 1850 cibus.

176 1889 349 1964 Perbibit
364 1892 451 1965 inde
468 1916 546 1965 sure
561 1893 705 1967 rabiem
722 1892 878 1967 nutricis
896 1893 1091 1980 alumnus,

227 2007 357 2081 Latrat
374 2017 413 2081 et
430 2008 467 2080 in
482 2016 563 2081 toto
580 2008 694 2081 verba
706 2007 842 2082 canina
858 2005 950 2080 foro.

208 2243 266 2290 221.
282 2241 338 2291 Haec
348 2241 401 2304 rm]
421 2239 482 2290 Diee
491 2251 559 2290 erent
569 2241 615 2290 atri
624 2255 673 2288 orn·
758 2241 815 2289 224.
832 2240 937 2288 Hermi
949 2239 1118 2305 Cinyphiam]
1135 2240 1183 2291 Cu
1195 2237 1222 2287 rit

176 2331 219 2365 ner
239 2324 293 2381 port
310 2315 368 2364 Idue
385 2323 410 2362 et
426 2315 518 2372 Nonas,
535 2314 576 2380 qui
591 2317 676 2378 portm-
725 2320 795 2378 poeta
815 2312 869 2363 Ibin
888 2321 971 2361 natum
995 2329 1050 2363 esre
1069 2314 1097 2362 in
1114 2313 1222 2378 Cinyphii

176 2391 250 2437 durni
259 2387 407 2437 dicebantur.
440 2387 518 2436 Iidem
530 2387 583 2436 dier
592 2386 676 2436 dicun·
724 2393 912 2455 terrmqweet
927 2382 953 2434 in
968 2384 1222 2451 libycarum

175 2470 213 2509 tur
235 2463 353 2518 Allierrrer,
374 2463 486 2524 quoniam
505 2462 536 2509 ob
556 2460 675 2510 infelicem
724 2456 864 2524 Cinyphius,
875 2458 917 2524 qui
927 2458 1010 2508 tmtidi
1020 2469 1095 2522 runt3
1111 2470 1140 2510 ut
1152 2470 1220 2510 utto·

175 2549 279 2599 pngnam
305 2533 335 2582 ud
359 2533 450 2581 Alliam
474 2533 522 2581 rint
543 2533 675 2582 constituti.
724 2531 767 2580 dat
785 2548 838 2580 eum
857 2532 921 2580 male
939 2533 1021 2582 olere:
1042 2549 1102 2583 nam
1116 2532 1220 2600 quimrle

175 2608 249 2655 Allia.
285 2605 385 2654 Flumen
408 2605 544 2669 quindecim
569 2605 674 2654 millrbur
724 2607 797 2664 olent,
809 2606 922 2657 dicantur
939 2607 1035 2656 ὴὶωωί,
1057 2608 1104 2657 An
1119 2607 1219 2674 quonia·

175 2694 288 2745 patruum
304 2680 333 2727 ab
350 2679 407 2726 urbe
422 2678 521 2735 distans,
532 2679 609 2727 bustis
624 2679 673 2728 Ro-
724 2680 777 2729 terre
789 2687 941 2731 monstruose
950 2680 986 2729 ibi
993 2683 1165 2739 nascebantur,
1171 2696 1217 2729 eon-

176 2752 252 2800 manis
269 2752 361 2808 nobilis,
375 2752 453 2800 deleto
467 2768 539 2818 prope
555 2753 585 2800 ad
600 2752 673 2801 inter·
724 2750 871 2801 uenientibus
898 2751 1001 2802 diversis
1025 2754 1171 2803 animalibus
1192 2751 1217 2799 nl

175 2825 298 2875 necionem
312 2824 433 2884 exercitu;
450 2825 504 2873 vide
520 2827 584 2874 Flor.
599 2825 642 2874 lib.
655 2827 672 2873 i.
723 2827 825 2877 eundem
836 2826 923 2873 fontem
935 2826 966 2872 ob
976 2828 1107 2890 penuriam
1117 2841 1217 2892 aquarum

174 2899 367 2964 cap.13.Dorr.
392 2899 672 2947 Faenimluitveterum
723 2898 747 2946 in
767 2898 849 2962 Libye,
867 2907 891 2946 et
909 2897 943 2946 ibi
958 2898 1131 2949 diversissimis
1146 2898 1216 2948 muta

175 2973 317 3038 superstitio,
328 2982 354 3021 ut
365 2987 405 3021 eoa
416 2972 475 3029 dier,
483 2973 569 3036 quibua
580 2973 672 3020 cladem
724 2972 793 3021 Unde
804 2971 954 3036 proverbium
965 2972 1029 3022 illud
1038 2983 1173 3039 ruroeptum
1182 2981 1216 3024 m.

176 3047 281 3110 aliquam
300 3047 453 3111 accepiment,
472 3063 512 3111 pro
532 3046 629 3094 nefastis
644 3061 671 3094 ec
723 3045 829 3098 Africam
844 3061 938 3110 semper
952 3047 1010 3094 novi
1022 3049 1118 3112 aliquid
1128 3048 1215 3097 adferre·

174 3118 328 3184 inauspicatis
348 3120 470 3174 haberent,
489 3118 590 3182 illosque
609 3119 672 3168 cirro-
755 3120 811 3167 225.
823 3118 908 3181 Buba]
917 3119 1066 3170 Acherontis
1078 3122 1139 3170 filius
1148 3132 1171 3170 et
1178 3122 1215 3169 Or·

173 3193 268 3258 ppddac
275 3195 354 3243 Greci
363 3195 486 3242 vocabant.
502 3195 673 3242 Snnvrcruue.
722 3192 797 3256 phnea
807 3193 928 3256 nymphe,
937 3208 1072 3244 conversus
1082 3197 1108 3244 in
1121 3211 1184 3245 arem
1192 3208 1214 3241 er

178 3269 251 3316 Furti.
272 3268 335 3316 Libri
357 3268 408 3315 dies
428 3267 499 3315 lertos
518 3267 672 3324 continenter,
722 3267 867 3333 Ascalapho.
883 3269 914 3315 ob
932 3269 1116 3319 accurationem
1134 3270 1214 3318 Ρω-

176 3340 268 3389 redacti
295 3341 320 3388 in
342 3341 452 3388 uolumen
479 3356 494 3388 a
517 3341 564 3388 Cn.
583 3341 672 3397 Flavio,
722 3341 793 3406 pine,
804 3341 856 3390 avio
867 3341 975 3390 funebris
985 3353 1031 3393 eat.

174 3416 252 3463 scriba
267 3414 339 3479 Appii
350 3415 425 3469 Caeci,
439 3422 506 3462 tanta
521 3413 596 3476 gratia
609 3416 671 3479 apud
755 3415 812 3463 226.
831 3415 939 3478 Gronau]
960 3417 1093 3474 Querulos.

175 3488 277 3552 plebem,
285 3505 357 3552 quum
366 3504 407 3536 eoa
414 3488 535 3542 edidisset,
544 3497 570 3536 ut
580 3497 671 3537 creatus
753 3489 809 3535 227.
827 3488 940 3537 Protinus
951 3490 1095 3540 Eumenides
1106 3494 1213 3551 lacerer

174 3562 205 3608 rit
226 3560 302 3608 redilir
321 3561 419 3616 curulis!
438 3561 561 3626 preteritis
580 3561 671 3610 duobus
721 3563 829 3609 lustribur
851 3565 931 3611 undis.
972 3566 1008 3613 Tb
1028 3568 1098 3612 unda
1123 3565 1214 3629 proximo

175 3634 229 3680 tuiis
239 3635 376 3681 consulum:
393 3650 458 3690 nam,
471 3643 525 3683 ante
536 3636 607 3683 libror
619 3636 671 3691 illos
721 3651 789 3683 versu
800 3635 915 3699 requitur.
926 3643 954 3684 ut
965 3636 1007 3686 bic
1023 3636 1081 3687 terri
1091 3640 1130 3687 rix
1146 3636 1214 3703 pult

175 3707 206 3753 ab
216 3721 245 3753 eo
255 3706 338 3762 editos,
346 3710 473 3770 cogebatur
480 3709 548 3773 plebs
556 3709 670 3757 rationem
720 3709 814 3757 Scribe:
834 3717 849 3737 '⁴
863 3710 1012 3759 Eumenides
1022 3712 1106 3762 lacere
1116 3711 1212 3777 prlmui

174 3778 266 3826 dierum
280 3795 384 3842 querere
402 3781 573 3846 aprincipibus
587 3782 670 3831 eivita-
720 3783 764 3830 bus
778 3783 866 3838 ulvis,’'
884 3791 909 3830 et
931 3783 971 3831 adi
994 3784 1076 3834 Notas
1096 3787 1157 3834 Met.
1172 3783 1213 3833 xiv.

172 3851 316 3904 tie‚auctore
330 3852 414 3901 Plinio.
432 3854 504 3901 Dour.
539 3855 670 3903 Haecertr'o
721 3871 768 3903 ver.
780 3858 834 3904 103.
861 3856 952 3904 Herus.

175 3923 257 3971 Furtir.
290 3924 345 3973 Huc
360 3938 399 3981 ert,
410 3943 461 3989 pro,
472 3927 560 3974 Eadem
573 3927 623 3975 dies
636 3939 671 3977 est
752 3930 810 3977 233.
822 3928 897 3976 Ebibit
914 3933 969 3978 irule
986 3949 1032 3980 suc
1047 3933 1153 3995 rabiem]
1166 3931 1213 3979 Per·

173 3997 198 4046 in
218 3997 302 4052 Fertis,
317 4000 433 4052 Alliensis,
453 4008 477 4045 et
498 4014 552 4060 qum
572 4000 626 4048 Ibin
646 4003 670 4050 in
719 4003 773 4049 bibit
794 4002 901 4066 plerique
922 4016 1024 4054 veteres.
1063 4007 1127 4056 Mihi
1145 4016 1213 4054 tamen

172 4072 251 4120 lucem
268 4072 381 4134 protulit;
403 4079 429 4119 ut
446 4071 570 4134 significet,
587 4075 668 4138 postri-
719 4075 836 4124 distichon
847 4076 891 4124 boc
903 4090 1048 4142 suspectum
1058 4089 1136 4137 estut
1145 4093 1213 4143 raptu

173 4145 251 4191 duana
263 4152 334 4206 etque
344 4151 394 4191 atra
405 4144 444 4191 die
456 4154 546 4193 natum.
719 4164 767 4198 ver.
778 4151 819 4198 24.
826 4149 877 4212 jam
888 4165 942 4199 rum
955 4161 1070 4204 testatur.
1096 4154 1128 4201 ll.
