2806 5018
1091 542 1118 607 a.

240 672 495 756 PUBLII
536 677 774 762 OVIDII
815 682 1135 767 NASONIS

489 905 884 1002 FASTORUM

443 1122 624 1187 uranu
657 1124 930 1191 neurius,

586 1345 783 1397 -4-

156 1510 416 1618 BELLICE,
435 1535 616 1633 depositis
633 1537 770 1635 clypeo
789 1539 979 1639 paulisper
997 1551 1035 1616 et
1052 1543 1173 1630 hasta,

210 1643 328 1732 Mare,
348 1647 460 1738 ades;
490 1661 529 1724 et
545 1653 682 1727 nitidas
700 1655 848 1729 casside
866 1656 967 1729 solve
985 1680 1126 1732 comas

156 1758 332 1834 Forsitan
350 1764 430 1861 ipse
449 1790 570 1863 roges,
590 1767 682 1865 quid
699 1769 748 1842 sit
765 1794 852 1842 cum
871 1769 995 1844 Marte
1013 1784 1156 1871 poetae:

204 1875 309 1962 Ate,
328 1880 393 1975 qui
411 1882 567 1968 canitur,
587 1885 738 1958 nomina
754 1887 894 1959 mensis
912 1887 1040 1960 habet.

154 1991 247 2090 lpse
264 1994 367 2068 vides
385 1998 558 2072 manibus
576 2000 704 2098 peragi
720 2000 800 2074 fere
817 2001 916 2074 bella
934 1999 1136 2076 Minervae:
1177 2007 1201 2074 5

205 2106 310 2181 Num
327 2111 451 2185 minus
469 2113 640 2210 ingenuis
659 2116 801 2189 artibus
820 2114 884 2188 illa
900 2115 1038 2189 vacat?

154 2223 323 2298 Palladis
342 2228 529 2325 exemplo,
548 2232 731 2328 ponendae
750 2241 920 2328 tempora
936 2254 1044 2303 sume

204 2339 407 2439 Cuspidis:
436 2343 602 2433 invenies
620 2356 659 2419 et
676 2347 778 2443 quod
796 2345 947 2420 inermis
965 2370 1068 2443 agas.
1112 2346 1197 2442 [dos

154 2454 249 2530 l'um
265 2480 415 2555 quoque
426 2459 577 2534 inermis
588 2485 682 2548 eras,
698 2486 815 2559 quum
831 2471 869 2534 te
887 2461 1059 2535 Romana
1071 2484 1195 2535 sacer-

201 2571 330 2672 cepit,
350 2584 391 2647 ut
408 2573 494 2649 huic
513 2578 595 2649 urbi
613 2576 757 2651 semina
772 2577 888 2672 digna
905 2577 1026 2650 dares.
1149 2580 1195 2648 10

182 2759 256 2806 1-8.
274 2757 501 2822 Munitissimum]
520 2758 617 2807 Utlibri
628 2760 646 2806 i.
696 2759 831 2826 exemplum
852 2772 923 2824 quam
948 2759 995 2807 vim
1023 2758 1119 2816 habeat,
1139 2757 1194 2807 vide

154 2831 219 2881 stis.
229 2829 298 2878 initia
311 2831 367 2880 ani
382 2841 407 2879 et
421 2832 522 2880 Veneris
537 2831 648 2881 laudibus
696 2850 745 2884 ver.
756 2835 811 2883 176.
830 2835 943 2888 Invenies,
955 2840 1004 2882 etc.
1021 2833 1061 2882 Sic
1069 2832 1191 2882 commode

154 2905 224 2962 ledit,
234 2905 268 2953 sic
282 2919 353 2959 nunc,
365 2905 478 2954 Martium
489 2921 593 2954 mensem
604 2906 644 2954 de·
696 2907 758 2955 viam
771 2908 816 2956 sibi
827 2906 904 2955 munit
915 2905 945 2954 ad
957 2922 1010 2970 sqq.

154 2981 248 3028 cubare
256 2973 404 3043 aggrediens,
413 2978 567 3043 Mortem,qui
577 2980 647 3028 modo
725 2984 752 3030 9.
770 2981 874 3029 Primum
887 2982 954 3028 Mars
967 2978 1113 3043 recognoscit
1122 2993 1189 3026 suurn

154 3053 276 3103 rrlvenesat
295 3052 323 3100 ii.
352 3054 407 3101 861.
428 3052 541 3118 appellat,
561 3069 644 3117 qnam·
692 3055 794 3113 turtum3
813 3050 1189 3117 accessuscjusstilvismdor·

154 3143 220 3192 pum
238 3127 317 3175 Deum
332 3125 408 3190 poetis
421 3126 532 3181 alienum.
549 3141 644 3190 compa·
693 3125 840 3176 mieutemin
851 3124 952 3173 nummis
962 3137 1190 3188 quoquscspressus

154 3200 237 3249 atione
247 3215 302 3248 cum
320 3200 425 3247 Mimo
438 3199 560 3248 commode
572 3198 643 3249 sacta.
692 3209 738 3249 est.¹
772 3202 858 3248 Noster
874 3194 1004 3262 phantasia)
1018 3211 1067 3244 sun
1083 3211 1127 3259 ope
1139 3209 1188 3243 rem

154 3275 217 3322 ?acis
226 3290 287 3338 opus
298 3272 409 3321 tractanti
420 3272 476 3321 dum
491 3273 642 3331 Marsadest,
691 3274 822 3324 exornavit.
847 3274 952 3321 Vocatur
964 3272 1068 3318 Roennsto
1076 3270 1188 3325 sacerdos,

154 3357 173 3396 rt
181 3351 280 3409 monas
291 3362 355 3395 arma
364 3357 465 3410 rogatur,
475 3347 538 3410 quod
549 3347 642 3396 idemet
692 3356 808 3413 ‹puntenus
820 3345 875 3394 inde
887 3344 951 3408 origo
965 3343 1067 3392 Romani
1080 3342 1189 3390 nominis.

154 3420 641 3486 espirationiscansafacit5StatiusTbeb.
691 3423 770 3471 Etiam
785 3421 904 3474 Horatius,
914 3417 963 3466 111.
978 3418 1026 3466 Od.
1036 3418 1069 3468 ix.
1082 3420 1106 3466 8.
1140 3417 1186 3464 Ro-

154 3493 185 3542 u'i.
198 3496 236 3541 10.
264 3493 639 3542 conserinfrsver.1tl.ubiex
690 3494 824 3543 mosellis.
848 3493 947 3549 Moneri,
959 3490 1070 3556 incipere.
1097 3490 1187 3547 Livius,

154 3577 211 3617 *arte
221 3576 289 3632 paret
300 3566 409 3632 precibus
418 3575 503 3631 poete.
520 3570 540 3614 A
552 3577 581 3623 ts,
591 3576 639 3616 etc.
691 3569 718 3618 ii.
729 3572 770 3618 58.
781 3576 797 3597 ‘⁴
808 3575 904 3623 motam,
912 3575 1014 3628 ceptam,
1022 3564 1140 3614 remittere
1150 3565 1186 3614 in·

154 3658 189 3691 nn
205 3641 276 3689 docet
292 3642 405 3695 Martem,
423 3640 485 3688 unde
498 3641 585 3689 mensis
598 3657 638 3689 no·
689 3642 804 3691 (luntrium
813 3642 836 3701 ;''
860 3657 883 3689 v.
901 3641 942 3688 2⁴.
962 3656 1048 3688 mouere
1067 3643 1185 3694 octium,

154 3731 197 3764 sen
213 3716 310 3771 babeat,
321 3714 364 3762 sed
378 3715 421 3763 boc
435 3713 479 3762 sibi
491 3714 557 3762 vult:
576 3713 640 3762 adsis
689 3715 801 3780 incipere.
833 3713 941 3762 Solemne
956 3728 1041 3760 munus
1051 3713 1186 3761 Vestalium

154 3790 208 3845 sibi,
222 3789 266 3837 boc
276 3789 340 3836 enim
348 3789 398 3853 jam
409 3804 461 3852 ago,
473 3796 613 3836 utinensem
624 3803 639 3836 a
689 3798 739 3838 erat
749 3805 818 3852 aqum
828 3797 906 3850 perere
916 3786 947 3834 ad
958 3791 1023 3834 mers
1033 3800 1091 3834 vssn
1103 3787 1186 3834 lsvsn·

154 3863 266 3915 edictum
278 3878 371 3911 canam.
392 3864 508 3919 Manibus,
519 3863 604 3912 virtute
615 3871 639 3912 et
689 3863 728 3918 ds,
744 3873 768 3911 et
780 3859 910 3927 penetralis
925 3859 1063 3918 lustranda;
1079 3859 1104 3906 in
1114 3875 1185 3923 quem

154 3938 220 3986 rruis.
253 3936 318 3984 Vide
333 3937 398 3986 Cort.
417 3937 447 3985 ad
465 3936 562 3985 Sallust.
581 3938 638 4000 Jug.
688 3952 756 3985 usum
775 3937 804 3984 iis
827 3937 908 3984 Numa
934 3934 1023 3982 iontem
1049 3931 1187 3997 assignavit.

154 4012 224 4061 nix.
234 4010 256 4058 1.
273 4010 536 4073 Sumeretsmporobona
542 4010 637 4067 locutio,
690 4010 812 4060 Plutarch.
823 4011 896 4058 Num.
910 4006 947 4056 13.
964 4007 1010 4056 Sed
1021 4007 1105 4055 irustra
1117 4022 1182 4070 quic-

154 4100 237 4152 equa
254 4083 371 4140 vorstius,
386 4083 416 4131 dc
434 4082 562 4132 Latinitate
579 4083 638 4131 salso
687 4093 749 4140 runt,
760 4082 823 4132 unde
834 4083 908 4133 Silvia
918 4079 1031 4131 insumit.
1052 4079 1181 4129 RcsAlbe

154 4168 259 4228 repectu,
283 4171 337 4222 cap.
360 4158 399 4206 lb.
435 4157 636 4206 Potesttamen
686 4166 751 4223 gesta
760 4166 805 4205 est.
1163 4180 1164 4184 =
