2806 5018
189 347 254 411 448
485 349 524 411 Ρ.
549 347 709 412 OVIDII
735 347 947 414 NASONIS

191 521 370 595 Aversam
389 521 548 595 caudam
566 547 691 596 morsu
710 532 835 610 tenet3
864 535 980 620 atque
998 521 1056 595 ita
1075 578 1084 594 .
1108 579 1117 595 .
1142 579 1151 597 .
1174 581 1183 597 .

192 636 298 711 Uber
315 648 473 724 servato,
493 662 606 735 quem
624 639 731 725 texit,
751 639 789 711 in
809 696 818 712 .
840 696 849 713 .
868 695 877 712 .
897 637 1074 712 resultet.

241 752 356 851 Sepia
371 755 477 829 tarda
493 753 604 851 sugae,
621 754 724 828 tenui
743 778 859 851 quum
877 753 972 827 sorte
990 753 1067 825 sub
1086 753 1192 826 unda

190 865 389 967 Deprensa
398 879 469 956 est,
472 871 552 966 jam
558 872 715 966 jamque
726 893 857 943 manus
869 868 1056 943 timetilla
1066 893 1234 969 rapaces,

188 982 367 1058 inficiens
385 1009 512 1082 aequor
529 985 675 1082 nigrum
692 986 809 1059 vomit
825 1009 888 1059 ore
906 1009 1106 1074 cruorem3
1192 991 1236 1058 20

188 1099 411 1200 Avertitque
427 1101 519 1186 vias
538 1103 666 1175 oculos
683 1101 860 1176 frustrata
876 1113 1102 1199 sequentes.

239 1218 400 1291 Clausus
419 1229 497 1292 rete
517 1217 657 1316 Lupus
677 1219 847 1317 quamvis
865 1218 1044 1292 immanis
1062 1229 1106 1292 et
1123 1241 1218 1303 acer,

187 1330 350 1407 Dimotis
368 1335 487 1409 cauda
505 1333 715 1407 submissus
733 1334 822 1407 sidit
840 1333 975 1408 arenis.

223 1535 260 1582 16.
280 1534 470 1597 Atqueito,etc.]
487 1534 683 1584 Siclocurnhuno
733 1537 795 1594 2383
818 1542 842 1583 et
859 1533 921 1599 opud
940 1534 1000 1583 vil,
1017 1535 1087 1583 Flac.
1104 1534 1125 1583 i.
1142 1535 1232 1583 Μαί

187 1622 241 1655 vere
251 1607 437 1657 inextricabilem
448 1609 618 1658 restituendum
627 1625 683 1658 oen·
733 1609 798 1657 alibi.
814 1609 902 1657 Bonis.

187 1681 254 1729 sabat
275 1680 409 1730 Gesnerus:
434 1689 449 1709 ⁴⁴
470 1682 614 1747 ....Atque
637 1693 682 1731 tra·
764 1682 987 1732 ‘incommuta
1007 1681 1114 1745 [apua]
1139 1679 1232 1735 Gratis·

186 1752 265 1802 hendo
275 1754 402 1820 Captivum
413 1763 478 1804 texto
489 1756 577 1804 socium
591 1757 621 1805 ds
631 1773 682 1806 car-
732 1757 831 1821 λάβραξ
841 1774 848 1815 3
866 1755 942 1811 Italis,
952 1757 1049 1821 spigolo.

187 1842 240 1876 cere
247 1827 341 1876 solvit.”
358 1829 549 1878 Heinsiusvero:
562 1836 578 1858 ‘¹
639 1833 682 1878 At·
764 1833 804 1879 23.
822 1831 921 1878 Dimotis
931 1831 1025 1887 couda3
1042 1830 1168 1877 submissus
1178 1827 1230 1875 tedet

186 1918 228 1964 que
244 1904 279 1950 ito
295 1902 393 1951 tandem
407 1904 490 1952 Victor
506 1914 601 1960 seruato,
618 1922 682 1967 quem
731 1909 800 1954 armis
811 1909 837 1953 in
851 1904 947 1967 austri]
982 1903 1061 1968 lego,
1078 1901 1229 1952 Latitatul·

187 1975 452 2031 teait‚oiveresultat.''
484 1980 563 2036 Quem
578 1993 681 2042 egooor·
731 1980 904 2027 missurareais.
938 1977 999 2025 Post
1012 1976 1080 2025 bunc
1095 1991 1185 2024 versum
1198 1973 1230 2022 it·

185 2050 311 2099 rectionem
319 2050 682 2116 Gesnerionaeeolibentiusprae·
731 2054 842 2102 seruerim
860 2051 949 2100 alium:
968 2050 1033 2099 “At
1051 2048 1128 2116 piscis
1143 2055 1228 2113 capitit·

185 2123 287 2181 tulerim,
298 2126 361 2190 quod
378 2133 456 2174 servet
471 2124 614 2189 ingeniosius
628 2142 681 2190 qoae
731 2127 851 2192 quiGrajo
860 2124 999 2175 estnomine
1008 2124 1151 2173 Cestreos.”
1172 2122 1228 2170 ttsn

185 2197 266 2247 tracte
277 2199 386 2248 lectionis
396 2200 510 2265 fragmina
520 2208 653 2265 supersunt.
732 2201 776 2251 hoc
788 2202 819 2250 de
833 2201 931 2250 Cestreo
943 2198 981 2264 (id
999 2207 1037 2247 est
1048 2198 1151 2263 Mugili,
1164 2210 1227 2262 quen

221 2273 258 2320 18.
281 2273 347 2335 Sepia
369 2278 437 2322 tarda
450 2273 542 2337 fuge]
572 2272 634 2322 Vide
658 2280 682 2321 et
731 2276 789 2325 torte
802 2274 911 2324 eumdem
925 2288 977 2321 esse
993 2270 1227 2337 ignomritOridiu,

186 2345 318 2402 AElionum,
329 2346 345 2394 i.
356 2362 408 2412 cop.
419 2349 459 2396 3⁵.
476 2347 508 2394 Η.
517 2347 550 2394 Α.
730 2365 803 2415 quum
819 2347 915 2398 inierios
932 2347 1019 2394 iterum
1034 2344 1067 2393 de
1083 2343 1182 2410 Mogilis
1196 2359 1228 2391 ss·

221 2420 257 2466 19.
281 2420 334 2467 dam
344 2425 440 2482 jamque
456 2437 536 2467 inanes
555 2423 617 2468 timet
638 2422 680 2467 illo
731 2422 906 2482 tntiascribat;
923 2429 964 2469 aot
978 2419 1024 2469 hoc
1037 2418 1100 2469 nibil
1111 2418 1226 2486 probibet:

183 2507 283 2553 rapaces,
294 2495 356 2556 eto]
375 2495 481 2543 Verbum
491 2496 533 2541 illa
547 2494 584 2542 bis
596 2494 621 2542 in
637 2494 680 2542 hoc
730 2514 786 2547 nam
795 2507 819 2547 ot
827 2498 857 2546 de
865 2497 982 2545 Mursense
992 2495 1085 2543 astutia
1094 2491 1227 2543 dsuuosttl·

184 2565 285 2614 disticho
303 2567 405 2631 positum
424 2568 524 2616 otiosum
541 2568 612 2633 plane
629 2578 678 2617 est:
730 2574 778 2635 bit)
788 2571 891 2623 ostendit
901 2569 1036 2636 Oppianus,
1044 2569 1090 2618 lib.
1098 2565 1227 2617 111.ὼῆ-

184 2640 376 2704 legoigiturourn
383 2641 539 2690 AabStotio:
558 2649 575 2670 “
588 2643 680 2692 ...Vo-
731 2647 811 2695 cibus:
830 2645 871 2693 ubi
886 2643 972 2692 etalio
987 2642 1102 2707 qondam
1117 2640 1226 2694 similiter,

185 2715 420 2764 mitorecrnorem.”
438 2717 509 2765 Cror.
537 2717 680 2766 dissonat
731 2728 757 2768 ut
784 2720 827 2767 hoc
855 2718 879 2766 in
906 2718 957 2765 loco
979 2715 1093 2771 Ovidius,
1113 2713 1226 2763 describit.

184 2790 259 2844 illoee,
268 2788 330 2852 quod
342 2790 408 2837 alteri
417 2790 556 2854 conjectures
568 2806 626 2838 rnoae
638 2792 680 2839 ad·
730 2796 825 2859 Lupum
838 2791 929 2839 Plinius
941 2807 970 2838 ex
986 2789 1077 2838 ovidio
1094 2789 1176 2837 scribit
1187 2785 1226 2834 reti

183 2863 326 2926 stipulatur:
346 2867 436 2928 aigum
452 2869 518 2912 vomit
533 2867 596 2912 ilicet
611 2870 678 2922 iram,
730 2866 908 2920 circumdatum,
920 2879 1002 2912 arenas
1014 2878 1083 2911 arare
1098 2862 1184 2915 cauda,
1195 2866 1226 2907 st·

98 2993 106 2999 ‚
182 2937 219 2984 vel
231 2941 325 2985 ortdom.
343 2939 365 2986 V
368 2957 415 2986 arr.
731 2957 776 3006 que
787 2942 819 2989 ita
830 2939 950 2989 conditum
963 2937 1065 2986 nansire
1076 2945 1135 2985 rete.
1154 2938 1226 2985 Gur.

216 3014 255 3060 21.
272 3015 406 3076 Avertitque
424 3014 502 3076 vitea]
527 3016 558 3061 Et
577 3013 681 3077 pericula
730 3011 1226 3062 —Dimotiscaudosalrmistuscodetoreris

183 3085 273 3149 effugit.
318 3089 385 3152 Virg.
410 3088 452 3135 lib.
477 3088 504 3134 ii.
528 3089 585 3135 AEn.
610 3090 676 3135 431:
730 3092 850 3135 inaustri.
884 3086 1050 3149 Pantagathus
1064 3084 1176 3149 legebat:
1193 3083 1224 3129 Si·

182 3164 199 3186 ‘¹
209 3160 276 3208 Iliaci
298 3161 397 3216 cineres,
416 3172 439 3208 et
458 3163 553 3209 flamma
574 3173 678 3209 extrema
728 3165 764 3210 dit
774 3167 856 3210 arenis.
889 3161 934 3208 Sed
944 3160 1005 3207 inter
1015 3160 1122 3216 bunc,et
1131 3174 1226 3223 sequen-

182 3251 294 3291 meorum,
305 3236 387 3283 Testor
400 3237 424 3283 in
440 3252 525 3283 occasu
537 3247 622 3291 vestro,
635 3254 677 3285 nec
728 3245 776 3283 tem
796 3252 888 3283 versum
910 3234 1001 3298 aliquot
1020 3235 1130 3282 carmina
1149 3233 1225 3281 deense

182 3311 238 3364 tela,
253 3325 296 3357 noc
315 3310 376 3357 ullas
391 3311 413 3357 V
416 3310 509 3357 itavisse
524 3314 580 3358 uices
597 3311 678 3360 Dona·
728 3310 896 3373 suspicabatur.
914 3309 985 3356 Cror.
1011 3308 1170 3355 Siditorenir.
1192 3305 1226 3352 lta

183 3385 252 3439 um,''
275 3393 322 3431 eto.
359 3385 500 3432 observavit
520 3385 609 3433 Statius
633 3386 677 3434 hoc
727 3399 785 3446 ego:
808 3382 871 3430 Pitb.
887 3384 943 3429 ridet
961 3385 1048 3428 arenis.
1083 3382 1156 3428 MSS.
1172 3382 1225 3427 ridet

181 3459 277 3506 verbum
296 3463 360 3514 vices,
376 3461 465 3506 nullutn
485 3459 522 3507 hic
539 3460 616 3506 locum
634 3460 676 3507 ha·
726 3461 808 3505 arena.
842 3458 940 3504 Gesner.
952 3459 1032 3504 latitat
1047 3459 1224 3503 sabrinum

182 3532 245 3586 bere,
266 3539 290 3578 et
311 3548 364 3579 curu
390 3533 515 3587 Ciaooono‚
538 3542 561 3580 et
583 3535 678 3581 Mureto
727 3536 776 3579 uis:
794 3530 1224 3596 proeo,quodestinA.redetomis

180 3607 264 3653 sentio.
282 3607 352 3654 Cror.
372 3607 675 3672 Plin.ix.29,deSepiis:
726 3610 751 3654 in
772 3610 855 3654 austri.
888 3608 995 3664 Quorum
1016 3606 1104 3653 ultima
1126 3604 1223 3670 proximo

185 3680 229 3726 Udi
243 3696 360 3727 senserese
375 3684 519 3742 apprehendi,
531 3681 601 3745 elfato
614 3693 677 3730 atra·
727 3699 786 3730 vers.
799 3689 861 3738 sunt,
872 3698 925 3745 quae
942 3689 1090 3744 sequuntur:
1111 3683 1137 3727 in
1154 3693 1224 3726 aurat.

181 3762 262 3807 mento,
271 3756 328 3814 quod
337 3770 379 3814 pro
387 3760 496 3818 sauguine
507 3757 540 3801 liis
551 3766 592 3810 est,
603 3757 676 3817 iosus·
726 3757 764 3804 lto
782 3758 850 3804 MSS.
862 3765 886 3803 et
898 3754 961 3802 Pith.
995 3755 1092 3811 Quibus
1109 3770 1155 3818 ego
1170 3769 1221 3819 prsi-

181 3836 231 3874 outu
250 3845 308 3887 ‹rqraa
325 3829 502 3875 absconduntur.
536 3830 565 3876 Et
581 3831 610 3876 ad
626 3846 677 3877 ver·
727 3831 780 3878 fixi:
807 3835 880 3892 Atque
899 3831 938 3874 ubi
951 3832 1004 3889 joui
1028 3832 1130 3876 transire
1150 3831 1221 3890 plagas

180 3901 237 3947 born
252 3900 382 3964 Oppianus,
397 3901 456 3948 libro
472 3902 507 3948 iii.
519 3920 542 3948 v.
557 3904 616 3948 162:
636 3904 676 3950 καὶ
725 3907 841 3964 persentit,
864 3907 888 3950 ia
910 3919 987 3956 auras,
1009 3912 1060 3949 etc.
1104 3903 1221 3950 Praeeoute

179 3972 305 4037 ἡμάλὸυνε
327 3973 436 4030 κέλευθα,
456 3978 601 4036 obscuratque
621 3979 675 4024 elas.
726 3979 818 4026 Plinio:
846 3979 964 4042 “Lupum
986 3975 1031 4023 reti
1053 3975 1218 4024 circumdatum

179 4048 252 4095 Varr.
274 4049 323 4093 l'ias
335 4047 428 4111 scripti:
447 4047 537 4111 opinor,
551 4053 675 4110 avertitque
725 4068 807 4100 arenas
824 4067 889 4098 arare
906 4050 993 4103 cauda,
1009 4061 1083 4114 atque
1099 4050 1133 4097 ita
1151 4046 1219 4100 condi,

169 4124 258 4187 sugat,
274 4123 310 4170 vel
328 4126 453 4183 auertitque
470 4126 551 4170 ruinas.
570 4124 602 4170 H.
637 4125 674 4171 Ito
724 4124 980 4173 dumtranseatrete.''
1014 4125 1136 4172 Isidorus:
1152 4122 1218 4169 “De-

177 4200 218 4242 oia
233 4207 257 4243 et
273 4199 329 4243 uices
344 4197 456 4251 confusa,
468 4195 509 4244 lib.
524 4214 561 4243 xv.
574 4198 673 4246 lteram.
724 4200 796 4264 nique
813 4209 861 4247 rete
878 4198 1041 4247 circumdatus
1054 4199 1129 4247 fertur
1145 4208 1217 4245 arenas
