2806 5018
172 341 238 408 180
463 340 503 405 Ρ.
528 340 688 406 OVlDII
713 340 922 405 NASONIS

174 514 260 598 Quo
279 537 353 586 non
372 514 463 585 livor
480 513 582 586 abitl
606 525 694 587 sunt
711 515 777 610 qui
795 513 864 587 tibi
883 511 1025 585 mensis
1044 512 1217 587 honorem

225 627 420 726 Eripuisse
437 629 565 715 velint,
585 629 864 725 invideantque,
884 627 1029 700 Venus.
1177 634 1216 702 86

175 743 288 827 Nam,
307 744 398 840 quia
415 768 477 816 ver
495 743 615 840 aperit
633 758 722 816 tunc
741 743 877 829 omnia,
897 743 1096 839 densaque
1115 744 1211 817 cedit

226 857 388 954 Frigoris
407 860 602 957 asperitaS,
621 859 786 956 foetaque
805 872 905 933 terra
922 870 1041 956 patet,

174 973 343 1071 Aprilem
361 987 571 1048 memorant
586 977 633 1047 ab
652 987 782 1073 aperto
799 994 969 1071 tempore
987 975 1156 1056 dictum;

226 1088 349 1172 Quem
368 1089 497 1163 Venus
515 1091 655 1185 injecta
671 1090 836 1163 vindicat
853 1089 953 1162 alma
970 1112 1099 1162 manu.
1177 1093 1218 1162 90

177 1204 247 1277 Illa
265 1205 419 1302 quidem
438 1218 558 1279 totum
576 1206 797 1301 dignissima
814 1216 999 1302 temperat
1017 1206 1173 1294 orbem;

226 1319 297 1393 Illa
314 1332 418 1394 tenet
436 1321 538 1394 nullo
557 1344 672 1416 regna
689 1322 833 1394 minora
852 1321 956 1409 De03

208 1589 248 1634 85.
259 1587 344 1634 Altera
354 1587 496 1650 etymologia
507 1587 597 1651 Aprilis
606 1605 672 1636 men·
719 1587 801 1653 jectio,
818 1586 919 1652 quoties,
936 1586 1002 1635 nulle
1016 1584 1109 1649 judicis
1126 1584 1220 1633 auetori-

175 1658 208 1707 sis
224 1658 329 1712 affertur.
348 1675 420 1723 quarn
438 1670 508 1724 poeta
524 1664 617 1710 invidie
634 1662 674 1710 tri·
722 1670 771 1710 tete
791 1669 938 1726 exspectate,
958 1675 1007 1707 rem
1031 1659 1100 1708 uobis
1120 1659 1219 1708 debitam

175 1731 237 1780 buit.
270 1733 408 1780 Macrobius
425 1749 479 1781 vero
495 1735 590 1783 Saturn.
607 1736 623 1782 i.
638 1737 674 1782 12.
722 1734 897 1782 vindicamus.”
931 1731 1136 1781 Suavitesautem
1151 1731 1219 1780 estin

176 1814 265 1860 narrat,
283 1805 392 1853 Cincium
410 1816 434 1853 et
452 1807 582 1856 Varronem
605 1824 673 1872 argu-
724 1811 793 1856 livore
802 1807 1006 1872 grammaticorum
1018 1814 1043 1853 et
1053 1805 1078 1852 in
1089 1805 1136 1854 beo
1151 1807 1219 1852 mndi-

175 1880 262 1928 rnentis
270 1894 315 1927 non
327 1880 504 1927 contemnendis
513 1881 599 1928 Veneri
611 1881 674 1930 huno
723 1885 811 1930 rutioue
823 1880 937 1937 Venerin
953 1879 992 1927 cui
1005 1888 1030 1926 et
1047 1894 1097 1926 ver.
1112 1880 1165 1927 115.
1175 1894 1218 1939 rpo-

176 1951 286 2000 honorem
303 1952 426 2017 eripuisse,
437 1969 511 2017 quum
529 1953 620 2001 nullum
636 1970 673 2002 sa·
725 1959 783 2004 liare
791 1957 852 2002 bene
863 1953 982 2002 convenit.

176 2025 291 2075 orificium
303 2024 394 2089 insigne
405 2024 427 2074 ei
438 2042 480 2090 per
490 2027 554 2074 hunc
569 2041 674 2074 mensem
756 2029 797 2077 91.
808 2028 981 2091 Argumentum
993 2029 1137 2090 edignitote
1147 2025 1220 2074 Vene-

176 2099 330 2164 emajoribus
340 2099 474 2148 institutum
483 2109 555 2155 esset,
567 2107 592 2146 et
602 2115 674 2163 quum
725 2103 764 2151 ris.
801 2101 919 2150 laetitiam
941 2100 1001 2148 reris
1023 2109 1117 2148 veteres
1139 2098 1221 2147 Veneri

176 2188 261 2221 nomen
278 2173 299 2223 ei
316 2175 361 2221 sub
380 2173 475 2236 regibus
494 2189 537 2222 nee
554 2174 674 2229 Graeeum,
724 2175 868 2230 tribuebant,
879 2189 932 2237 quae
944 2182 1001 2221 tune
1012 2182 1100 2221 terram
1117 2174 1221 2226 revisere,

176 2263 220 2295 nec
232 2247 342 2296 Latinum
356 2249 438 2296 luerit:
452 2255 469 2275 ⁴¹
480 2247 530 2304 sed,
542 2263 615 2311 quum
627 2247 675 2294 lere
725 2249 806 2299 choros
823 2257 984 2312 agerentque
998 2247 1079 2295 omnis
1094 2246 1222 2295 exhilarare

176 2330 231 2369 ente
251 2322 419 2385 aequinoetium
441 2337 538 2369 vernum
559 2320 625 2368 triste
644 2321 675 2367 sit
725 2323 880 2382 credebam„
902 2321 1024 2376 Horatius,
1043 2321 1064 2369 Ι.
1080 2321 1131 2369 Od.
1151 2320 1182 2368 ir.
1200 2320 1221 2366 7.

175 2396 264 2443 eoelum
280 2404 304 2443 et
321 2396 424 2443 nubibus
439 2395 578 2450 obductum,
590 2394 632 2457 sed
649 2401 674 2441 et
724 2396 802 2444 Etiam
813 2396 921 2444 Maerob.
930 2394 1087 2443 i.Seturn.‘ll
1099 2414 1105 2442 ι
1119 2401 1135 2422 “
1145 2396 1221 2451 Quum

175 2485 240 2517 mere
267 2469 436 2533 navigantibus
459 2469 581 2525 clausum,
606 2476 673 2515 terre
724 2470 759 2517 sol
780 2469 883 2517 vernalis
900 2466 1037 2531 {equinoctii
1055 2467 1221 2530 transgreditur

175 2543 247 2591 etiam
265 2542 321 2607 ipsae
337 2553 379 2591 aut
394 2558 465 2607 aque,
476 2549 517 2589 eut
530 2541 622 2605 pruina,
633 2549 675 2589 aut
724 2544 792 2597 fines,
811 2542 919 2605 augendo
938 2541 1010 2596 diem,
1028 2550 1086 2591 tune
1105 2551 1131 2589 et
1145 2541 1224 2589 Venus

176 2616 270 2664 nivibus
281 2627 443 2679 contegantur,
449 2630 524 2679 eaque
534 2614 614 2662 omnia
625 2630 674 2662 rer·
725 2615 788 2672 lete,
799 2625 823 2663 et
833 2615 931 2680 pulchre
942 2614 1018 2662 virent
1029 2629 1086 2662 erre
1097 2615 1222 2677 segetibus.

176 2706 206 2739 no
230 2691 274 2738 hoc
300 2706 380 2738 meuse
405 2690 554 2754 aperiantur,
581 2689 675 2735 arbores
725 2700 793 2754 prata
804 2688 890 2744 herbis,
903 2690 999 2737 arbores
1013 2688 1089 2747 soliis;
1107 2689 1162 2737 ideo
1174 2702 1220 2735 rne-

176 2779 278 2828 quoque,
291 2779 334 2811 nec
350 2763 426 2811 minus
442 2773 536 2817 cetera,
548 2777 601 2824 quea
614 2771 675 2808 terra
721 2765 786 2827 jures
803 2762 874 2811 nostri
890 2762 996 2825 Aprilem
1015 2777 1121 2809 mensem
1140 2760 1222 2809 Veneri

176 2836 289 2890 continet,
302 2838 390 2900 aperire
402 2853 428 2885 se
445 2836 468 2884 in
484 2850 579 2898 germen
592 2834 675 2898 incipi·
725 2837 888 2884 dicavemnt.”
925 2835 1061 2884 Secundum
1084 2836 1221 2889 Hesiodum,

176 2919 226 2963 ent,
238 2911 268 2957 ab
281 2909 316 2956 his
330 2910 438 2957 omnibus
452 2923 555 2955 mensem
567 2906 674 2970 Aprilem
724 2911 814 2972 Theog.
827 2911 881 2958 120.
893 2910 916 2957 in
928 2909 1044 2973 principio
1055 2924 1133 2956 rerum
1146 2910 1222 2958 Chaos

176 2983 223 3031 diei
237 2983 319 3032 merito
340 2982 494 3035 credendum,
505 2979 573 3043 quasi
590 2980 674 3043 Aperi·
725 2993 775 3031 erat
796 2994 820 3031 et
844 2984 908 3038 Eros,
929 2985 970 3046 qul
991 2982 1096 3031 omnium
1120 2984 1224 3032 Deorum

176 3057 237 3107 lem:
261 3059 323 3106 sicut
345 3056 410 3121 apud
427 3053 585 3103 Athenienses
603 3055 673 3104 ἀνθε·
724 3058 876 3120 omniumque
889 3056 1010 3104 hominum
1021 3056 1113 3105 animos
1128 3056 1223 3115 domet,

175 3132 284 3196 στηρίων
299 3131 363 3179 idem
379 3129 466 3177 mensis
478 3139 573 3176 vocatur
588 3130 618 3176 ab
635 3145 672 3184 eo,
725 3130 780 3179 inde
792 3131 888 3180 seriores
898 3130 1028 3178 effecerunt
1039 3131 1166 3179 Venerem.
1182 3132 1221 3178 ln·

175 3207 239 3270 quod
250 3207 294 3255 hoc
306 3214 410 3269 tempore
421 3211 508 3252 cuncta
519 3203 672 3252 florescant.''
724 3205 805 3268 primis
823 3204 953 3259 Lucretius,
966 3204 984 3253 i.
999 3205 1086 3253 1—20.
1098 3204 1160 3253 hene
1176 3206 1221 3252 vim

176 3280 227 3332 Quo
236 3281 294 3332 obit,
306 3293 428 3342 quousque
441 3276 600 3340 progreditur,
619 3277 672 3324 llle-
725 3277 825 3326 Veneris
835 3277 973 3333 celebravit,
982 3293 1054 3341 quem
1063 3277 1143 3326 locum
1155 3278 1221 3342 louge

174 3359 233 3400 tem.
247 3368 287 3400 xv.
304 3353 364 3399 lll:
387 3358 403 3378 ‘⁴
414 3350 517 3413 Longius
534 3350 589 3398 iude
607 3351 673 3398 nefas
723 3351 887 3399 suavissimum
906 3352 992 3399 Noster
1009 3361 1066 3399 aute
1081 3352 1164 3400 oculos
1179 3352 1220 3400 he·

175 3425 258 3473 abiit.¹’
289 3424 368 3471 Honor
378 3427 465 3477 mensu,
478 3423 559 3478 honor,
570 3440 617 3486 quo
628 3424 672 3472 tibi
722 3425 780 3473 buit.
800 3425 925 3485 Temperat,
933 3425 1000 3488 regit.
1019 3425 1219 3481 Nautiorum

174 3498 261 3545 mensis
287 3505 436 3544 consecratus
462 3503 514 3553 est,
543 3511 591 3543 ver.
616 3499 670 3545 115.
721 3497 1220 3563 ipsaorta;ver.131.“maternuquo-

174 3569 284 3615 “titulus
302 3567 415 3614 mensis.’'
451 3569 511 3620 Quin
530 3581 670 3631 ver—patet.
722 3571 771 3618 ra.’'
806 3571 1066 3636 Detautemillajura
1080 3572 1218 3621 emorisvo·

173 3641 259 3704 Frigus
268 3640 391 3688 hibernum
402 3641 481 3688 omnia
491 3645 570 3690 ileum
580 3656 604 3691 et
615 3660 669 3693 cou-
721 3643 821 3709 luptate,
839 3660 911 3707 quam
930 3645 1038 3692 omnibus
1059 3645 1125 3702 eoeli,
1145 3655 1220 3703 terrie,

174 3713 283 3778 stringit3
300 3729 371 3761 verno
386 3724 464 3762 autem
479 3725 558 3780 tepore
572 3719 671 3767 solvitur
720 3716 838 3765 undarum
848 3717 931 3765 incolis
942 3717 1049 3772 instillat,
1058 3734 1107 3781 qua
1117 3736 1158 3767 eos
1167 3723 1220 3774 init.

174 3795 245 3841 terra.
257 3785 393 3842 utsemina,
404 3789 490 3851 quibus
501 3791 591 3854 replete
601 3803 669 3848 est,e
720 3791 848 3854 pertundit,
871 3790 963 3852 implet,
982 3801 1006 3838 et
1025 3791 1056 3838 ed
1078 3792 1155 3840 coitus
1174 3792 1217 3840 im·

175 3859 320 3924 gremioejus
329 3860 399 3909 focile
408 3865 470 3910 exire
480 3865 576 3928 possint.
605 3866 670 3914 Feta
720 3864 797 3927 pellit.
817 3864 959 3911 lulreetiam
972 3880 1025 3910 mox
1035 3864 1066 3912 de
1078 3881 1101 3912 re
1112 3881 1219 3916 venerea.

173 3943 262 3991 eutem,
273 3943 299 3982 ut
309 3952 360 3999 sup.
371 3935 388 3984 i.
399 3937 458 3984 162:
473 3941 592 3986 seminibus
595 3940 671 4003 foetus
720 3938 767 3984 Sed
784 3938 846 4002 apud
865 3938 1008 3993 lucretium,
1021 3938 1086 3986 dicto
1102 3939 1164 3996 loeo,
1176 3940 1220 3989 ed·

173 4025 236 4072 eger.
270 4007 365 4070 lujeetio
380 4013 538 4067 mauruntus
555 4029 602 4076 quo
619 4013 668 4059 Ro-
720 4022 815 4059 ventum
833 4020 909 4060 notat.
944 4012 1067 4059 Continere
1081 4012 1111 4059 de
1127 4030 1220 4064 conser-

173 4080 238 4129 mani
255 4082 381 4131 utebantur
397 4084 420 4131 in
432 4084 539 4133 vindiciis
557 4085 669 4148 agendis;
719 4085 813 4133 vatione
824 4102 899 4134 rerum
914 4085 985 4134 etium
1002 4085 1066 4150 apud
1078 4087 1219 4137 Ciceronem

174 4154 267 4206 servius
277 4156 307 4205 ed
319 4159 377 4206 AEn.
390 4160 488 4208 1.419:
507 4166 523 4186 ‘⁴
533 4159 622 4207 blanus
633 4161 668 4207 in·
719 4158 813 4222 legitur.
842 4161 979 4208 Lucretius:
999 4166 1015 4187 ⁴‘
1025 4161 1086 4218 Qum
1099 4176 1166 4210 mare
1178 4176 1222 4211 ne·
