2806 5018
386 357 646 424 FASTORUM
670 359 814 424 uin-1.
1082 363 1126 430 28

73 526 159 601 Pax
177 539 259 603 erat
269 556 279 619 ;
304 540 346 605 et
359 532 485 619 vestri,
505 531 743 619 Germanice,
761 556 877 607 causa
894 533 1073 633 triumphi

125 643 351 721 Tradiderat
367 647 526 722 famulas
538 650 619 744 jam
638 648 706 722 tibi
727 648 883 722 Rhenus
901 637 1034 747 aquosi

70 757 95 831 J
100 783 183 846 ane,
199 759 281 836 sace
296 775 457 838 oetemos
476 763 617 839 Pacem
636 763 825 861 Pacisque
844 765 1054 844 ministros:

126 875 234 951 Neve
252 903 362 952 suum
381 890 520 977 praesta
536 881 687 954 deserat
701 891 831 954 auctor
848 906 957 979 opus.

73 989 187 1074 Quod
205 1004 333 1068 tamen
349 1018 398 1068 ex
414 994 507 1093 ipsis
526 994 632 1068 licuit
651 994 741 1068 mihi
760 996 906 1071 discere
926 997 1060 1086 Fastis,
1112 1062 1117 1071 .

125 1107 330 1183 Sacravere
347 1121 474 1208 patres
491 1111 562 1184 hac
579 1110 654 1183 duo
672 1111 814 1207 templa
831 1111 905 1186 die.
1047 1120 1122 1190 290

71 1223 236 1322 Accepit
252 1224 398 1300 Phoebo
416 1226 674 1325 Nymphaque
692 1227 880 1301 Coronide
899 1234 1028 1302 natum
1107 1238 1117 1263 ⁶

125 1338 266 1428 insula,
286 1341 438 1416 dividua
455 1366 570 1440 quam
578 1342 724 1441 premit
742 1343 862 1415 amnis
880 1366 992 1439 aqua.

72 1452 224 1553 Jupiter
240 1458 278 1530 in
292 1469 398 1557 parte
413 1470 491 1534 est:
512 1460 614 1556 cepit
631 1460 738 1531 locus
753 1483 850 1532 unus
869 1470 1091 1559 utrumque:

122 1570 146 1643 J
149 1583 338 1673 unctaque
355 1585 445 1648 sunt
461 1600 599 1672 magno
617 1575 759 1673 templa
776 1577 925 1674 nepotis
943 1601 1023 1654 avo.
1045 1584 1118 1654 294

74 1685 190 1772 Quro
210 1701 313 1766 vetat
329 1702 369 1765 et
386 1691 529 1777 stelias,
549 1702 592 1764 ut
609 1714 772 1788 quoeque
788 1691 980 1792 oriturque
993 1695 1117 1770 ,cadit-

123 1802 287 1880 Dicere?
313 1807 485 1906 promissi
503 1829 590 1905 pars
607 1805 678 1879 fuit
694 1805 870 1882 istamei.
1011 1813 1116 1908 [que,

70 2056 135 2106 tiset
143 2057 280 2121 Angiruriis
290 2057 435 2122 triumphum
445 2057 494 2122 egit
502 2075 510 2118 ;
521 2059 569 2106 Ta·
617 2058 664 2120 pho
675 2062 745 2104 nutus
761 2063 798 2104 est
806 2055 968 2121 AEsculapius.
980 2057 1080 2108 Metam.
1092 2057 1118 2108 ii.

70 2130 142 2187 citus,
155 2131 220 2179 Anu.
232 2131 258 2179 ii.
272 2132 311 2179 41.
325 2131 432 2180 Norisius
448 2132 479 2181 de
491 2133 568 2181 Ceno-
620 2129 758 2178 urs-rm
771 2127 836 2176 Anu.
848 2128 879 2177 U.
889 2128 918 2177 C.
933 2131 989 2178 46¹2.
999 2132 1032 2189 Q.
1044 2131 1117 2180 Fabio

71 2205 139 2268 raph.
160 2203 211 2253 Pis.
228 2222 253 2269 p.
275 2206 333 2254 201.
360 2214 429 2270 putat
455 2205 569 2254 Ovidium
619 2200 729 2267 Gurgite,
741 2201 773 2250 D.
783 2201 856 2251 Junio
869 2203 945 2250 Bruto
959 2205 1042 2252 Scurra
1056 2220 1116 2253 coss.

71 2277 216 2328 Germamoo
229 2278 373 2345 triumphum
387 2287 480 2329 tanturn
493 2294 568 2343 augu-
618 2284 685 2342 peste
704 2276 786 2324 urbem
803 2291 919 2340 agrosque
932 2285 1048 2334 vastante,
1065 2279 1116 2329 Ro·

70 2352 131 2399 rari:
149 2353 276 2401 Massones
289 2360 371 2401 contra
381 2353 407 2400 in
417 2353 465 2401 vita
477 2352 567 2408 Ovidii,
618 2350 691 2407 mani,
707 2349 775 2399 libris
787 2350 910 2413 Sibyllinis
925 2352 1017 2408 moniti.
1028 2354 1115 2403 AEseu·

71 2424 203 2475 edanunsn
214 2426 271 2475 770.
281 2425 410 2482 contendit,
420 2425 508 2491 scripta
516 2426 568 2475 hec
618 2422 708 2488 lapium
732 2424 763 2472 ab
784 2421 904 2488 Epidauro
927 2426 1062 2476 arcessitum
1090 2428 1115 2477 iu

70 2507 126 2564 post
146 2507 227 2548 saum
247 2499 399 2566 triumphum.
416 2515 492 2564 eoque
509 2507 568 2548 tem-
617 2495 720 2546 insulam
744 2497 837 2546 Tiberis
859 2496 1020 2562 deportarunt,
1044 2502 1115 2567 eique

70 2588 128 2638 pose
136 2589 222 2639 pscenu
229 2573 302 2623 icisse
312 2590 354 2640 per
363 2574 443 2623 orbem
454 2582 568 2622 terrarum
618 2571 734 2634 templum
745 2570 778 2619 ibi
789 2581 971 2631 consecramu25
987 2573 1077 2630 Livius.
1089 2592 1115 2624 s.

70 2646 235 2712 compositam.
269 2647 298 2696 Id
319 2661 377 2696 saue
397 2647 478 2696 Poetae
495 2647 568 2696 verbs
618 2644 663 2691 47:
682 2642 740 2693 edit.
750 2644 834 2693 Reisk.
845 2659 918 2709 quoru
929 2644 1115 2710 deportationem

70 2718 177 2769 indicare
200 2721 319 2770 ridentur.
358 2720 497 2770 Serviebant
515 2719 567 2784 jam
617 2725 642 2765 et
653 2718 856 2767 musecrationem
865 2718 952 2767 Noster
962 2721 1064 2770 Metam.
1074 2738 1115 2772 xv.

71 2793 185 2843 Germani
196 2793 328 2854 Romnum
345 2795 387 2843 sed
400 2802 476 2860 poete
491 2792 568 2842 fluviis
617 2792 757 2840 utu-⁷44.
784 2793 879 2857 copiose
904 2803 1042 2858 persecutus
1068 2805 1114 2846 est.

71 2866 187 2925 tribuunt,
208 2867 273 2933 quod
294 2866 382 2917 weoiis
400 2868 524 2927 couvenit3
543 2875 568 2915 et
616 2865 707 2923 Insula,
724 2867 793 2931 cujus
811 2867 925 2931 originem
944 2868 1034 2917 Livius.
1048 2869 1073 2919 ii.
1086 2874 1113 2920 6.

60 2941 174 3005 [Μὶν
197 2941 283 2991 fluvius
304 2940 392 3006 passim
412 2942 521 2998 occurrit,
540 2949 568 2990 ut
616 2940 694 2996 refert.
711 2941 768 2989 inde
788 2940 853 2989 dicta
872 2942 1000 3004 AErmtopr'i
1018 2946 1113 3004 insutu

69 3013 184 3065 Heinsius
202 3014 280 3065 docet.
321 3015 381 3065 Foes
400 3025 502 3071 nemos,
520 3025 567 3066 etc.
616 3013 865 3064 Sunonensem.
890 3015 943 3065 Hoc
951 3016 1004 3065 loeo
1013 3034 1115 3078 preren

68 3089 101 3138 da
119 3089 188 3139 uobis
206 3105 300 3154 anper
316 3089 475 3139 moderatores
490 3091 566 3156 pacis.
616 3096 653 3135 est
665 3087 770 3152 cingere.
803 3088 867 3136 Iouis
880 3088 995 3151 tempium
1008 3093 1113 3150 undio,

69 3162 182 3212 Heinsius
200 3179 283 3212 vocem
307 3167 420 3212 ministros
446 3162 567 3228 indignam
616 3176 664 3209 non
682 3170 762 3210 autem
778 3160 885 3224 ejusdem
902 3161 966 3216 anni,
979 3161 1021 3209 sed
1037 3164 1112 3214 molto

68 3245 152 3286 cemt
178 3237 305 3303 majestate
324 3238 440 3288 Cesarea
466 3237 566 3298 domus;
615 3233 1112 3299 seriuspostbeliumpunicumseounduru‚
1175 3276 1178 3282 .

68 3311 165 3376 surrigit
174 3327 231 3376 ugo
246 3321 374 3376 Μαι,
384 3311 409 3360 id
419 3321 464 3368 ω,
473 3311 565 3362 Μὴ.
616 3323 631 3356 a
641 3307 672 3356 C.
680 3307 779 3355 Servilio
788 3305 911 3355 duumviro
920 3306 1056 3356 dedicatum
1067 3320 1112 3363 est.

67 3389 140 3433 tores.
167 3383 342 3435 verumetiam
355 3389 457 3434 misriner
470 3385 500 3435 de
515 3400 565 3435 mo-
616 3381 668 3430 Lir.
678 3381 758 3430 xxxiv.
769 3382 811 3430 5³.

68 3454 178 3506 durature
193 3456 297 3507 dieitur:
316 3458 385 3522 Vrrg.
396 3460 455 3508 AEn.
465 3458 490 3508 ii.
504 3460 564 3508 1002
647 3457 704 3504 295.
725 3455 763 3504 De
781 3456 901 3503 stellarum
919 3465 973 3504 ortu
989 3466 1014 3506 et
1030 3475 1112 3508 ocem

66 3535 86 3558 “
94 3529 228 3580 Calchante
234 3531 341 3580 ministro
349 3532 375 3592 ;”
383 3549 406 3580 v.
414 3533 490 3580 640³*
499 3533 566 3583 Deus
611 3528 662 3593 jam
671 3528 773 3594 primum
783 3528 889 3577 dicturus
896 3547 904 3590 ;
919 3529 1041 3594 premittit
1051 3548 1110 3596 pre·

67 3603 174 3652 animum
184 3603 326 3654 iniciaret!¹
360 3606 505 3655 Necessum.
516 3617 565 3656 etc.
615 3602 678 3651 clare
690 3605 769 3651 leude!
782 3619 868 3659 mm,
877 3607 916 3666 9νί
928 3607 998 3666 primi
1010 3607 1111 3656 sirim

66 3677 146 3733 effice,
155 3693 187 3727 ue
196 3678 226 3736 is,
237 3678 279 3744 qui
292 3693 377 3744 pacem
389 3680 456 3728 uobis
466 3680 565 3746 peperit,
615 3687 723 3725 natorum
733 3680 910 3742 {surrigamus
929 3677 1057 3742 Triplicem
1068 3696 1110 3730 au·

65 3750 99 3798 ad
110 3760 177 3800 araus
186 3766 266 3800 rursus
276 3760 433 3801 convertatur.
615 3758 662 3799 tem
676 3759 790 3800 astrorum
803 3759 880 3801 ortum
893 3759 918 3801 et
930 3752 1021 3801 obitum
1037 3763 1111 3805 astro

100 3824 159 3873 289.
175 3825 299 3890 Superiora
313 3825 472 3876 dirruentes
487 3829 565 3887 Jsuo;
615 3825 824 3881 nomimemorant.
836 3825 962 3882 heliseum,
971 3842 1044 3890 quum
1055 3829 1112 3878 sotis

65 3897 215 3962 progreditur
229 3899 260 3952 ad
277 3915 316 3955 ea,
329 3915 383 3965 que
399 3901 464 3948 Ferri
479 3917 564 3968 ruppe·
614 3898 686 3946 radiis
703 3899 741 3948 vel
756 3909 917 3964 emerguntur,
932 3900 970 3948 vel
987 3902 1110 3952 occultau-

64 3970 184 4021 ditabsrrt.
223 3972 284 4022 Dies
303 3972 460 4023 dedicationis
483 3975 564 4023 admo·
614 3979 667 4031 tur;
684 3972 747 4021 unde
764 3972 857 4021 Plinius
873 3976 1013 4022 sermionem
1030 3983 1055 4023 et
1073 3995 1109 4025 oe·

65 4045 125 4094 daur
139 4046 258 4096 solemus
270 4046 371 4108 Rom1e3
387 4047 444 4097 inde
456 4048 527 4113 igitur
539 4058 564 4098 et
612 4049 849 4096 mindonensem:
861 4047 1108 4099 cosmicumacil.rrra·

67 4118 173 4169 Kalend.
190 4122 291 4171 Jauaar.
310 4120 402 4187 aliquid
421 4122 566 4172 celebritatis
614 4121 725 4177 tutinum.
734 4137 807 4186 quum
817 4121 883 4171 sidus
893 4121 957 4169 circa
966 4121 1022 4169 solis
1032 4131 1109 4171 ortum

65 4193 183 4244 accessu:
199 4209 231 4244 es
244 4195 327 4245 Picto
335 4204 360 4245 et
371 4196 481 4246 wenido
491 4197 564 4262 Nysu-
613 4194 685 4244 oritur
695 4202 738 4244 aut
746 4193 849 4243 oceidit:
862 4193 1030 4257 acroaychium
1040 4194 1108 4243 deei-
