2806 5018
177 367 243 432 364
570 358 825 426 EXCURSUS

182 538 322 602 exhibet.
373 535 449 603 Vide
461 535 498 598 de
513 557 547 597 eo
567 534 708 602 Vossium
720 533 761 596 de
776 531 933 596 historicis
950 530 1091 604 Graecis,
1109 552 1141 613 p.
1154 529 1221 594 367.

183 648 217 704 ct
232 640 273 703 de
288 648 373 722 poet.
387 637 494 702 Graec.
508 658 540 719 p.
552 635 626 698 225.
653 633 707 697 Au
723 635 754 697 in
769 634 880 697 ordine
891 633 990 696 etiam
1006 633 1049 696 ad
1065 633 1142 696 anni
1152 640 1221 694 tem·

183 762 261 825 pora
276 741 452 826 digerendo
470 749 505 803 et
522 740 555 803 in
574 739 643 802 aliis
660 736 797 800 Ovidius
815 757 888 800 eum
907 736 1001 819 sequi
1019 735 1174 819 potuerit,
1187 733 1223 796 ob

181 865 299 928 paucas
315 846 356 908 de
372 866 410 907 eo
426 843 553 907 notitias
570 864 627 925 pro
643 849 733 904 certo
748 841 811 903 dici
826 839 949 922 nequit,
966 860 1069 922 quum
1085 837 1147 921 ipsi
1162 834 1222 900 Ha·

182 947 270 1010 raldo
291 948 332 1010 ad
353 945 531 1009 Arnobium
554 944 575 1007 l.
595 966 622 1007 c.
643 944 688 1006 ita
710 943 837 1026 ignotus
859 941 1037 1015 rideretur,
1056 948 1097 1002 nt
1118 957 1223 1002 nomen

183 1049 278 1111 Bntae
297 1049 329 1112 in
349 1046 520 1111 Plutarcho
541 1047 765 1130 corrigendum
786 1065 858 1108 esse
879 1051 1022 1127 putaret,
1042 1043 1102 1105 ubi
1120 1042 1223 1104 miran

181 1152 256 1215 dum
273 1159 332 1222 est,
351 1151 448 1214 etiam
461 1149 736 1212 Wittenbacbium
753 1172 783 1211 v.
801 1170 829 1211 o.
844 1147 990 1231 (Proleg.
1004 1147 1049 1210 ad
1069 1143 1222 1209 Plutarch.

182 1254 274 1337 prael.
293 1276 325 1336 p.
344 1253 411 1328 46.)
431 1274 501 1315 oum
524 1273 563 1314 eo
583 1251 760 1314 consentire
778 1250 890 1314 videri.
935 1248 1037 1328 Quod
1053 1248 1142 1311 idem
1157 1270 1185 1311 v.
1197 1268 1223 1310 c.

183 1357 332 1429 Iaenzins,
355 1379 386 1439 p.
409 1356 440 1418 4.
462 1355 610 1438 conjecit,
632 1354 733 1417 simile
754 1350 941 1416 Callimachi
966 1351 1124 1424 Carmen,
1145 1349 1222 1434 quod

182 1462 260 1519 alm
282 1457 471 1531 inscribitur,
490 1456 608 1519 Ouidio
629 1456 735 1538 quoad
756 1476 858 1538 genus
878 1462 913 1516 et
929 1452 1072 1516 formam
1093 1454 1125 1515 in
1143 1451 1223 1514 lastis

182 1581 269 1643 saepe
298 1567 372 1621 ante
399 1556 506 1621 oculos
534 1557 633 1621 luisse
663 1565 697 1619 et
722 1554 934 1620 Valheuarius
965 1555 1006 1618 ad
1041 1553 1223 1618 Callimachi

182 1661 356 1745 elegiarum
376 1661 564 1744 fragmenta,
581 1682 612 1743 p.
628 1659 680 1722 10.
696 1667 729 1722 et
746 1659 865 1724 Jacobs
884 1659 916 1721 in
933 1657 1223 1721 Animadversioni·

182 1762 242 1825 bus
263 1762 303 1824 ad
325 1761 455 1826 Authol.
477 1783 523 1844 gr.
542 1761 604 1824 vol.
627 1759 694 1823 ΙΙΙ.
717 1782 747 1843 p.
767 1761 799 1822 ii.
819 1782 851 1842 p.
873 1759 946 1822 182.
967 1759 1113 1842 amplexi
1137 1769 1222 1821 sunt:

184 1865 245 1928 etsi
260 1864 355 1947 prior,
372 1886 403 1947 p.
418 1862 450 1926 8.
470 1885 531 1925 nou
550 1862 704 1947 elegiaco,
720 1862 777 1924 sed
796 1861 922 1925 heroico
940 1870 1046 1924 metro
1061 1862 1223 1925 concinna·

181 1974 249 2030 tum
273 1967 371 2029 fuisse
393 1966 480 2029 velit.
529 1965 603 2029 Hoc
623 1986 761 2038 carmen,
784 1964 874 2047 cujus
893 1962 1222 2047 fragmenta-exstant

181 2069 214 2132 iu
244 2070 295 2133 ed.
325 2068 475 2140 Ernestii,
499 2068 715 2131 Romanorum
746 2067 841 2129 etiarn
866 2064 1012 2128 manibus
1040 2065 1223 2148 frequenter

182 2171 289 2233 tritum
311 2192 390 2244 esse,
408 2169 570 2243 Varronis,
589 2168 693 2231 Servii
714 2168 910 2251 aliorumque
930 2167 1032 2229 citata
1049 2168 1179 2240 docent,
1193 2176 1223 2228 et

182 2273 285 2354 ipsum
314 2271 477 2344 Ovidium,
504 2272 600 2333 Trist.
627 2268 670 2334 V.
698 2291 729 2332 v.
755 2269 811 2332 33.
839 2270 870 2331 in
898 2268 1049 2352 prodigii,
1080 2269 1168 2352 quod
1194 2267 1222 2329 in

183 2371 324 2434 Eteoclis
350 2382 384 2436 et
409 2371 569 2455 Polynicis
594 2371 690 2434 sacris
714 2369 821 2444 fiebat,
849 2370 1031 2433 narratione
1058 2369 1130 2434 haec
1152 2370 1221 2429 αἴτια

182 2476 360 2556 respexisse
372 2474 529 2555 judicavit
543 2473 766 2537 Ruhnkenins.

299 2642 363 2699 Hoc
378 2640 523 2719 (memini)
539 2643 681 2720 quondam
695 2641 756 2702 lieri
770 2665 827 2703 non
838 2664 917 2722 posse
930 2642 1079 2721 loquebar,

337 2735 378 2792 Et
392 2756 437 2792 me
453 2736 602 2794 Battiades
613 2738 710 2814 judice
723 2737 811 2795 falsus
825 2749 895 2796 erat.

224 2893 428 2976 Epigramma
441 2892 645 2975 Antbologiae
661 2895 739 2973 (vid.
757 2894 862 2957 Bentl.
879 2894 918 2957 ad
936 2894 1127 2960 Callimach.
1144 2897 1219 2979 frag-

181 3005 298 3068 menta,
313 3017 343 3076 p.
357 2995 432 3056 416.
450 2995 500 3056 ed.
516 2995 659 3071 Ernest.)
672 3004 773 3058 totum
789 2991 915 3058 carmen
931 2998 1055 3059 somnio
1070 2997 1219 3061 contineri

181 3097 276 3169 canit,
292 3097 324 3159 iu
345 3119 408 3179 quo
430 3095 643 3159 Callimachus
657 3098 694 3179 gin
719 3096 910 3160 Heliconem
933 3097 1061 3162 delatus
1083 3121 1104 3161 a
1124 3099 1217 3162 hlnsis

179 3199 254 3280 ipsis
267 3199 307 3260 de
319 3199 414 3260 rebus
427 3199 575 3280 antiquis,
587 3199 760 3281 priscorum
778 3199 936 3261 hominum
951 3200 1018 3261 vita
1030 3209 1065 3263 et
1078 3201 1216 3268 moribus,

180 3311 243 3363 etc.
256 3322 403 3384 quaereus
422 3323 495 3382 quac
512 3301 649 3371 volebat,
667 3301 800 3362 edoctus
818 3302 868 3364 sit.
915 3300 1032 3365 Ultimi
1048 3324 1169 3375 versus,

373 3469 404 3517 Al
419 3463 445 3517 δέ
459 3469 480 3516 oi
495 3465 616 3536 εἰρομένῳ,
632 3469 699 3538 ἀμφ’
714 3467 840 3536 Ὢγνγίων
852 3467 951 3536 Ἡρώων

410 3558 487 3613 Aina
501 3563 546 3613 καὶ
556 3563 677 3635 μακάρων
691 3555 751 3633 alpos
767 3561 946 3631 ἀμειβόμεναι,

176 3706 390 3788 conjecturam
414 3709 647 3779 commendant,
673 3708 824 3770 Ovidium
848 3709 1049 3790 potissimum
1077 3712 1109 3772 in
1135 3709 1205 3771 Deo

175 3829 245 3868 rum
274 3808 506 3893 Musarumque
531 3811 714 3883 ministerio,
742 3832 805 3894 quo
831 3810 946 3872 eodem
972 3832 1104 3892 prorsus
1128 3808 1206 3872 modo

176 3909 276 3970 utitur
296 3910 351 3989 (iv.
372 3910 452 3982 191;
476 3935 505 3973 v.
527 3915 548 3974 7
570 3933 648 3995 sqq;
672 3913 714 3974 vi.
738 3913 811 3975 798.
832 3918 909 3989 etc.)
932 3911 1159 3975 Callimachum
1175 3908 1205 3970 ob

176 4011 282 4072 oculos
300 4009 457 4073 babuisse.
483 4012 619 4075 Veteres
631 4015 711 4076 ritus
726 4015 768 4076 ibi
782 4014 956 4097 explicatos
973 4014 1092 4076 habent
1107 4014 1203 4095 fragm-

174 4112 195 4174 8
212 4113 298 4184 et93
321 4121 354 4174 et
373 4112 511 4176 Leuzius
527 4115 594 4197 jam
617 4117 791 4189 annotavit,
813 4116 970 4178 historiam
996 4114 1162 4198 Hippolyti
1181 4111 1205 4171 iu
