2806 5018
169 317 235 383 426
415 309 484 374 Au
506 307 681 373 LIVlAM
703 303 973 373 AUGUSTAM

172 489 278 564 Tene
294 509 366 583 ego
383 484 552 558 sustineo
570 479 735 579 positum
754 479 939 552 scelerato
956 475 1113 551 videre?
1156 477 1220 546 135

224 605 330 678 Tene
348 624 441 673 meae
459 608 637 697 poterunt
655 618 834 690 unguere,
854 603 956 678 note,
976 591 1142 667 manuel

176 720 288 794 Nunc
307 740 377 811 ego
395 727 432 788 te
451 712 582 786 infelix
596 734 787 784 summum
804 720 994 805 teneoque
1013 704 1200 802 tuorquel

227 833 453 928 Effingoque
472 827 631 901 manus?
658 850 800 923 oraque
819 825 869 898 od
886 848 952 899 orn
968 823 1077 899 serni

177 947 290 1022 Nunc
305 945 467 1045 primum
482 942 688 1040 adspiceris
702 942 833 1014 consul
844 941 1042 1035 victorque
1056 937 1222 1036 parenti?

229 1062 293 1135 Sic
312 1060 415 1145 mihi,
436 1058 490 1131 sic
509 1058 656 1130 miserae
675 1055 827 1130 nomina
843 1066 950 1128 tanta
966 1052 1112 1129 refers?
1160 1056 1219 1124 140

176 1177 281 1261 Quos
300 1176 461 1275 primum
479 1172 555 1245 vidi
574 1171 708 1258 fasces,
727 1171 765 1243 in
783 1169 914 1245 sunere
932 1170 1032 1243 vidi:

229 1291 280 1365 Et
296 1289 372 1364 vidi
390 1312 553 1374 eversos,
573 1288 829 1384 indiciumque
847 1287 950 1359 mali.

175 1406 270 1491 Quis
283 1405 441 1481 credat?
469 1403 579 1476 matri
598 1403 665 1474 lux
683 1403 763 1475 haec
782 1401 1029 1475 moestissima
1044 1401 1162 1487 venit,

226 1521 312 1605 Qua
331 1531 464 1594 notum
483 1519 521 1592 in
539 1542 686 1592 summo
703 1518 797 1591 vidit
813 1518 953 1590 bonore
971 1515 1110 1589 suum!

174 1633 310 1709 Jnmne
319 1659 392 1731 ego
403 1658 477 1709 non
487 1633 600 1706 selixl
610 1635 690 1729 jem
702 1655 790 1730 pers
801 1629 1221 1728 mihiraptaNeronum,

226 1749 391 1823 Materni
411 1749 561 1822 celeber
579 1747 731 1820 nomine
751 1746 898 1819 Drusus
917 1745 1002 1821 evii
1161 1747 1221 1817 146

174 1864 199 1937 J
201 1889 310 1940 amne
334 1890 442 1940 meus
465 1876 629 1949 nonest,
649 1887 719 1938 nec
738 1887 798 1936 me
816 1861 906 1935 facit
923 1861 988 1935 ille
1006 1859 1223 1960 parentem!

162 2058 168 2067 ,
224 1979 361 2055 Jamne
378 1981 430 2054 fui
451 1980 565 2054 Drusi
584 1980 730 2054 mater?
756 1990 796 2051 et
813 1977 896 2075 ipse
913 1976 1009 2051 suit?

175 2181 216 2221 cat
234 2174 283 2234 (orl
301 2174 331 2222 Et
346 2173 425 2236 vorot)
443 2173 485 2222 boe
502 2172 565 2237 ipsos
581 2174 678 2222 flammo
762 2174 816 2221 140.
829 2171 928 2220 Nomina
938 2181 1005 2219 tontn
1015 2171 1124 2236 rzserss]
1140 2173 1224 2223 Consu·

175 2261 292 2311 rogetque
308 2247 387 2297 sum?
421 2246 470 2306 Qui
481 2262 562 2296 verriu
572 2247 679 2312 quidem,
726 2244 1085 2311 lntmquippe,etGermuici
1102 2260 1224 2309 cognomen

176 2320 234 2384 quin
252 2336 306 2370 vera
324 2319 356 2368 rit
373 2321 453 2378 lectio,
466 2319 564 2369 minime
579 2320 678 2382 dubito;
728 2320 815 2375 Druso,
826 2333 855 2367 eo
869 2318 928 2383 ipro,
938 2333 986 2382 quo
1002 2319 1084 2383 periit,
1094 2334 1159 2367 anno
1172 2318 1225 2367 obti-

177 2407 221 2440 nec
240 2393 313 2446 nuru.
333 2408 374 2458 pro
393 2410 448 2442 mro
467 2394 600 2458 legentibus
616 2393 680 2443 ullus
728 2401 820 2458 gerunt

176 2465 303 2515 edrentior.
323 2466 382 2531 Agit
392 2467 455 2516 enim
467 2467 497 2516 de
509 2467 680 2530 unumque·
762 2468 817 2515 142.
828 2464 1226 2529 Etoidirurroe.]0uid1mim·

176 2542 256 2587 immor
267 2539 427 2604 amplectitur,
438 2555 545 2605 quotque
552 2540 601 2605 jero
612 2551 676 2589 uorat
727 2556 768 2588 mr.
800 2539 912 2588 Solebam
926 2539 989 2588 enim
1000 2540 1108 2587 virorum
1122 2539 1224 2604 insignio,

176 2627 245 2675 rogm
261 2628 323 2669 mur,
335 2611 360 2660 id
376 2622 420 2670 ert,
432 2613 473 2678 qui
489 2612 521 2661 nd
538 2614 676 2662 comburen-
727 2613 764 2662 rel
780 2627 845 2662 erma
866 2612 891 2661 in
904 2611 985 2662 funere
1001 2615 1106 2661 incerti.-
1124 2612 1165 2678 qni
1180 2628 1224 2660 nor

177 2684 219 2733 dos
242 2695 346 2750 paratur.
380 2688 436 2735 Fuit
461 2687 502 2752 qui
525 2687 596 2737 vellet
619 2704 676 2745 tuor,
727 2686 805 2736 adbuc
816 2685 880 2751 opud
893 2702 943 2734 nor.
975 2685 1016 2733 Sic
1027 2685 1118 2750 lfrrgil.
1131 2688 1186 2735 AEn.
1196 2685 1224 2732 xi.

176 2759 244 2822 quusi
261 2760 314 2808 illos
333 2770 397 2809 artur
412 2762 465 2826 jure
484 2778 527 2809 nuo
546 2778 615 2824 rogus
632 2762 677 2810 ribi
727 2762 769 2810 lib.
777 2763 818 2810 93.
828 2760 852 2809 in
864 2760 981 2808 Pallantis
991 2760 1095 2808 funere:
1116 2762 1224 2808 “-Tun

174 2831 225 2895 jrun
240 2831 385 2892 vindiceoet;
403 2850 484 2882 verum
499 2834 543 2882 boc
562 2834 676 2898 argutius.
727 2844 813 2883 moerta
822 2834 934 2899 phalanx,
944 2834 1082 2898 Teucrique
1093 2845 1225 2899 nequuotur,

177 2907 257 2964 Quem
275 2906 345 2956 lecile
362 2917 441 2957 autem
459 2909 483 2956 in
502 2919 577 2956 evocat
595 2909 679 2958 abierit
727 2908 889 2973 Tyrrhenique
905 2907 987 2962 duces,
1000 2918 1026 2956 et
1040 2915 1113 2957 venir
1130 2910 1225 2958 Armua

176 2991 198 3029 rt
209 2992 282 3038 vorot,
293 2999 339 3031 non
351 2983 461 3032 dirtincte
476 2984 533 3031 sotis
546 2993 676 3039 exaratum,
727 2983 822 3030 ormir.”

178 3054 216 3103 rix
228 3055 365 3104 dicendum.
763 3057 817 3104 143.
842 3056 894 3103 laer
918 3057 963 3105 ltaec
982 3059 1127 3105 miccino
1148 3056 1222 3118 mit]

212 3129 266 3177 1³5.
284 3129 342 3176 Tene
352 3145 392 3193 ego
402 3132 499 3178 nestiueo
506 3134 603 3190 positum
611 3133 677 3178 scel«-
729 3130 851 3179 Corirrimn
861 3139 920 3179 vett.
932 3144 1014 3177 omues
1031 3129 1091 3179 edd.
1119 3132 1189 3189 Quod
1198 3131 1224 3178 ita

177 3211 230 3249 roto
239 3203 335 3265 videre]
355 3203 458 3250 Sunium
466 3217 507 3266 pro
516 3219 618 3266 possum,
625 3203 676 3250 vul·
728 3218 775 3251 non
786 3203 924 3267 improbem,
934 3211 961 3250 ut
974 3202 1066 3251 ironice
1078 3204 1179 3261 dictum,
1190 3219 1222 3250 ne·

177 3289 248 3336 gere,
265 3284 289 3324 et
300 3280 403 3335 pontum,
415 3275 519 3323 solemne
531 3276 554 3322 in
565 3276 677 3340 exequiis.
728 3293 775 3339 que
796 3276 850 3325 ideo
867 3292 882 3324 a
899 3291 992 3324 summo
1013 3276 1098 3326 dolore
1120 3279 1223 3326 alienun.

178 3346 301 3395 Scelerato.
330 3348 449 3396 Pollutnm
469 3364 494 3396 se
507 3348 587 3412 aliquo
597 3351 679 3397 scelere
728 3350 874 3398 Confirmant
889 3356 1001 3413 preterea
1017 3364 1075 3411 qum
1093 3361 1223 3415 sequuntur,

178 3420 320 3484 suspicatur,
331 3420 433 3485 ideoque
447 3421 500 3468 Diis
517 3422 625 3476 invisam,
638 3423 678 3485 qui
733 3424 792 3470 145:
810 3422 892 3469 Jomne
902 3438 942 3485 ego
952 3422 1086 3485 nonfelir!

178 3491 226 3540 tale
250 3497 342 3553 pietatis
368 3495 489 3558 premium
517 3494 678 3559 rependerent
764 3497 817 3543 146.
836 3496 1223 3546 Maternicelebernominellnm

179 3561 248 3612 ldem
265 3565 328 3613 enim
346 3582 408 3631 repe
423 3570 582 3615 sceleraturm
599 3569 676 3631 impu·
728 3570 788 3632 aut]
801 3571 930 3618 Drusorum
940 3568 1041 3624 familie,
1051 3571 1124 3620 Livia
1133 3572 1222 3637 primm
1265 3572 1267 3623 !

179 3652 226 3692 rur,
249 3637 366 3697 coortos:
393 3641 426 3689 sic
447 3644 569 3690 sceleratus
589 3659 679 3704 campus
729 3642 942 3701 denominrbotur;
962 3642 1006 3691 eed
1026 3660 1104 3707 quum
1125 3662 1183 3694 unns
1199 3660 1221 3691 er

179 3709 311 3767 dicebatur,
328 3714 352 3760 in
371 3730 418 3777 quo
433 3716 553 3771 Vestales,
571 3731 625 3779 qum
644 3715 679 3762 in·
729 3717 777 3765 itti·
787 3717 909 3766 Gallorum
920 3717 1007 3765 ducem
1017 3719 1159 3781 quemdem,
1167 3720 1221 3766 un·

179 3792 269 3833 rentum
279 3784 390 3841 fecerant,
398 3787 579 3837 defodiebantur
589 3799 626 3846 ;et
634 3805 678 3836 rce-
729 3808 778 3839 rum
792 3792 894 3846 nomine,
903 3789 1038 3846 occidisset,
1051 3792 1099 3842 boc
1115 3794 1161 3842 sibi
1174 3808 1220 3853 tog·

179 3857 334 3906 lerotnPortn
345 3860 585 3917 Carmentalir,unde
598 3878 639 3911 sex
655 3871 679 3910 et
730 3863 926 3912 nomennddidit.
959 3864 1114 3928 Hincgenur
1129 3867 1222 3914 dnoebrt

178 3931 277 3980 trecenti
288 3931 362 3988 Fabii,
374 3949 428 3981 curn
439 3935 562 3983 clientium
574 3935 679 3984 millibus
730 3937 799 3986 Liuia
821 3938 937 3992 Drusilla,
958 3937 989 3985 de
1012 3954 1063 4002 qun
1084 3940 1124 3988 hic
1147 3940 1222 4003 rg'nn

178 4003 292 4068 quinque,
309 4004 420 4054 adversus
440 4008 568 4057 Hetruecoe
583 4009 679 4071 egreeri,
730 4011 821 4059 Drusus
835 4010 920 4073 Virgil.
940 4010 1070 4061 honorifice
1090 4027 1222 4062 commemo

178 4077 307 4142 pugnando
325 4078 441 4129 interlecti
463 4090 524 4130 sunt
560 4082 615 4131 Vid.
630 4082 679 4130 Tit.
728 4083 1168 4143 rot,AEn.vi.824;se‹lodulatorie
1180 4099 1221 4132 nr·

180 4150 231 4200 Lir.
243 4151 268 4200 ii.
280 4155 320 4202 49.
728 4157 773 4220 gir,
786 4172 858 4221 quern
870 4155 989 4206 birtorice.
