2806 5018
195 306 261 372 tas
443 305 512 369 AD
536 302 712 369 olvitur
735 303 1003 372 AUGUSTAM

196 479 351 554 Femina
367 478 482 573 digna
500 478 583 565 illis,
604 502 699 576 quos
718 501 831 551 aurea
847 477 1020 552 condidit
1037 491 1148 567 aetaS,

241 595 481 691 Principibus
499 594 610 679 natis,
630 593 798 692 principe
815 593 932 689 digna
948 595 1044 668 viro.

190 711 291 795 Quid
309 710 444 782 deceat
462 708 575 782 Drusi
593 720 764 795 matrem,
785 719 1022 808 matremque
1043 710 1218 797 Neronis,

238 825 427 923 Adspice:
457 848 534 921 quo
552 847 696 919 surgas,
715 825 884 922 adspice,
903 850 1017 900 mane
1035 838 1135 901 toro.
1171 831 1236 900 346

189 941 276 1015 Non
293 941 425 1015 eadem
444 941 654 1037 vulgusque
672 940 821 1028 decent,
841 952 879 1014 et
896 943 1043 1015 lumina
1062 967 1208 1017 rerum:

241 1055 313 1128 Est
330 1056 433 1152 quod
452 1055 685 1151 praecipuum
703 1054 843 1130 debeat
859 1056 932 1130 ista
948 1056 1104 1131 domna.

189 1171 374 1270 Imposuit
391 1182 429 1243 te
447 1171 522 1243 alto
542 1169 719 1255 Fortuna,
739 1170 940 1269 locumque
958 1173 1061 1245 tueri

241 1286 265 1359 J
270 1288 363 1360 ussit
380 1288 614 1372 honoratum,
637 1285 760 1359 Livia:
790 1287 914 1384 perfer
931 1310 1041 1360 onus.
1173 1293 1238 1360 350

187 1402 249 1474 Ad
266 1415 304 1476 te
322 1401 464 1486 oculos,
479 1425 666 1498 auresque
684 1402 822 1475 trahis:
844 1413 910 1476 tua
923 1401 1026 1475 facta
1044 1414 1233 1489 notamus3

240 1518 322 1591 Nec
340 1542 413 1591 vox
432 1519 548 1590 missa
564 1528 690 1615 potest
708 1519 887 1615 principis
904 1541 969 1591 ore
988 1519 1084 1614 tegi.

186 1634 275 1708 Alta
293 1658 423 1721 mane;
445 1657 636 1730 supraque
655 1645 741 1706 tuos
759 1658 919 1730 exsurge
934 1633 1114 1722 dolores;

237 1749 530 1846 Infragilemque
548 1749 726 1832 animum,
740 1748 843 1847 quod
856 1760 980 1846 potae,
996 1774 1126 1848 usque
1141 1763 1231 1824 tene.

186 1866 247 1938 An
266 1865 399 1937 melius
417 1888 485 1961 per
502 1877 539 1937 te
556 1864 735 1936 virtutum
754 1865 929 1961 exempla
946 1876 1142 1961 petemus,
1167 1871 1233 1939 355

235 1980 359 2064 Quam
377 1981 408 2051 si
427 1978 608 2051 Romanae
626 1978 805 2075 principis
824 1979 904 2051 edis
922 1982 1050 2077 opus?

187 2096 281 2170 Fata
298 2106 451 2170 manent
469 2119 623 2168 omnes:
653 2118 783 2168 omnes
801 2106 1003 2192 exspectat
1022 2119 1161 2170 avarus

236 2213 422 2299 Portit0r;
452 2223 490 2284 et
508 2211 627 2283 turbae
646 2210 709 2282 vix
728 2211 819 2284 satis
837 2233 912 2283 una
930 2210 1037 2284 ratis.

183 2328 390 2401 Tendimus
401 2328 473 2399 huc
485 2350 631 2400 ornnes:
650 2337 788 2400 metam
796 2349 1045 2425 properamus
1056 2329 1105 2401 ad
1114 2351 1231 2400 unam.

233 2442 372 2514 Omnia
389 2442 459 2513 sub
477 2441 581 2536 leges
603 2466 703 2514 mors
720 2452 831 2514 vocat
848 2452 929 2515 atra
947 2464 1054 2515 suas,
1166 2445 1231 2515 360

182 2557 282 2629 Ecce
300 2580 432 2628 necem
450 2556 631 2628 intentam
650 2557 757 2643 coelo,
777 2568 975 2655 terraeque,
996 2556 1189 2656 fretoque,

233 2673 499 2767 Casurumque
518 2672 657 2769 triplex
675 2673 926 2745 vaticinantur
943 2696 1056 2768 opus.

212 2898 269 2944 343.
287 2897 395 2942 Condidit
408 2894 482 2956 atur]
506 2895 551 2941 Pro
567 2897 678 2952 condidit,
729 2913 766 2943 ore
784 2895 851 2959 tegi]
871 2895 923 2943 Nec
940 2895 959 2942 si
977 2896 1038 2960 quid
1057 2897 1162 2962 principi
1178 2896 1230 2944 exci-

180 2971 237 3034 legit
254 2973 354 3031 prodidit
373 2968 472 3017 Ruhnl.
493 2968 523 3016 ad
542 2968 605 3017 l'ell.
625 2970 678 3018 Pat.
729 2968 796 3023 derit,
814 2969 856 3017 diu
876 2968 949 3016 latere
971 2979 1062 3032 potest.
1100 2969 1229 3020 Cavendum

179 3045 231 3092 153,
728 3041 807 3105 igitur,
818 3058 847 3090 ne
862 3042 919 3106 quid
934 3042 1011 3097 dicat,
1024 3045 1062 3092 vel
1079 3043 1166 3099 iaciat.
1176 3042 1228 3108 qnod

211 3120 267 3166 346.
297 3117 347 3169 Quo
375 3132 464 3179 surgas,
489 3117 586 3176 adspice,
612 3133 678 3163 marre
728 3115 842 3164 indictum
863 3117 958 3171 frustra,
980 3117 1133 3167 iniectumve
1155 3115 1228 3167 deiude

178 3192 246 3253 tora]
267 3191 341 3254 Cujus
357 3189 389 3236 sis
406 3205 477 3247 uxor;
495 3190 562 3253 cujus
576 3205 588 3236 e
600 3188 676 3238 thala·
727 3187 794 3236 velit.

177 3265 222 3312 mis
233 3280 302 3311 mane
314 3264 422 3326 prodeas.
759 3264 816 3309 356.
847 3263 920 3315 erom
946 3266 964 3310 ri
989 3264 1103 3314 Romnae
1131 3266 1227 3327 principit

209 3339 266 3385 347.
297 3337 326 3383 Et
353 3338 439 3382 lumina
464 3335 562 3396 rerum]
592 3335 677 3383 Nescit
726 3338 773 3383 edis
788 3336 862 3398 opus}
898 3338 977 3392 Quam
994 3337 1015 3384 si
1030 3342 1228 3400 principantem!

175 3412 307 3459 Burmann.
330 3425 360 3456 an
380 3425 426 3456 non
446 3419 540 3473 prestet
556 3411 675 3461 culmino.-
728 3409 852 3456 Romanum
863 3408 958 3472 quidem
970 3410 1124 3472 prestiteris.

175 3502 252 3550 neque
269 3501 312 3547 ego
328 3483 408 3547 ignoro
420 3482 550 3530 rerlrahaec
564 3482 675 3546 soepiusa
757 3484 814 3530 358.
843 3482 923 3529 Turba
945 3486 983 3530 uir
1008 3487 1066 3532 sotir
1088 3502 1138 3532 nna
1157 3482 1223 3543 rotis]

175 3559 275 3607 librariis
289 3559 400 3606 confusa:
418 3564 564 3604 cavetamen
576 3558 674 3620 nequid
725 3558 821 3606 l'etron.
841 3558 945 3621 Specim.
967 3558 1033 3605 Belli
1061 3560 1150 3610 civilis.
1173 3559 1224 3605 tlt:

174 3633 292 3681 immutes.
326 3632 434 3679 Virorum
458 3630 520 3677 enim
542 3629 673 3694 principum
725 3635 742 3656 “
764 3631 862 3678 ...vix
878 3630 989 3693 squalida
1006 3631 1153 3680 Porthmeus
1166 3630 1224 3678 Solli-

174 3707 284 3769 exempla
304 3705 371 3768 quasi
389 3703 487 3751 totidem
506 3712 561 3749 sunt
579 3704 674 3759 lumina,
724 3702 772 3749 ciet
788 3703 914 3751 simulacra
932 3703 1007 3751 virum
1026 3706 1155 3755 traducere
1170 3719 1225 3768 cym-

174 3795 237 3843 quae,
248 3794 295 3842 quo
307 3777 415 3842 imposita
425 3776 503 3831 altius,
514 3792 542 3824 eo
553 3776 639 3824 certius
650 3776 673 3823 in
724 3776 768 3822 ba:
788 3775 872 3824 Classe
882 3792 941 3838 opus
953 3777 1018 3824 est.''

173 3862 262 3900 rectam
286 3851 322 3897 rel
348 3865 444 3914 pravam
467 3850 527 3896 viam
554 3851 675 3912 sequentis
756 3851 811 3897 362.
831 3850 987 3912 costarumque
999 3853 1087 3911 triplex
1104 3854 1222 3898 raticinan-

175 3926 239 3989 vulgi
266 3940 358 3988 gressus
383 3921 507 3970 inducunt.
541 3924 598 3970 Mox
624 3923 674 3987 ipse
725 3933 764 3969 tur
780 3923 857 3985 apua]
878 3922 956 3969 Editio
974 3922 1045 3986 prim.
1064 3941 1171 3971 cararum
1186 3925 1222 3969 tri·

175 4000 275 4047 Noster:
294 3997 440 4044 atterentur
456 3997 540 4042 trahis:
559 3996 673 4059 tuojirctu
722 3999 774 4056 pler·
791 4000 932 4044 vaticinatur·
949 4011 1014 4056 opus.
1052 3996 1125 4045 Unde
1142 3996 1223 4060 passive

174 4082 286 4120 notamus.
723 4069 863 4117 sumendum
901 4071 1057 4125 vaticinatur,
1092 4070 1222 4134 conjiciebat

207 4147 263 4194 352.
283 4144 330 4192 Nec
346 4161 383 4191 vor
400 4145 464 4189 rrrisrn
481 4152 551 4202 potest
564 4146 673 4203 principis
725 4144 846 4207 Micyllus.
879 4142 941 4190 Alie
953 4159 1046 4199 omnes,
1058 4155 1086 4192 ut
1099 4143 1223 4193 edidimust
