2806 5018
426 384 776 451 HALIEUTICON.
1056 391 1121 456 459

68 550 243 627 Extremi
262 566 395 654 parent
424 613 1034 635 ................

69 665 255 745 Lubricus
272 682 311 744 et
328 672 438 769 spina
455 697 599 746 nocuus
617 698 691 747 non
709 673 855 747 Gobius
873 675 960 764 ulla,

68 781 121 855 Et
138 784 285 882 nigrum
303 787 411 861 niveo
429 799 582 886 portans
602 788 639 860 in
658 813 815 886 corpore
833 790 934 863 virus

68 896 224 997 Lolligo,
242 901 403 999 durique
423 904 533 991 Sues,
553 904 781 1001 sinuosaque
801 904 932 978 Caris:
1046 911 1117 983 130

68 1010 119 1087 Et
136 1025 214 1088 tam
232 1015 390 1091 deformi
410 1043 482 1092 non
502 1018 637 1116 dignus
656 1019 806 1091 nomine
825 1018 1000 1094 Asellus:

64 1125 203 1226 Tuque
221 1133 441 1229 peregrinis,
459 1133 680 1232 Acipenser,
699 1133 835 1206 nobilis
854 1134 977 1207 nudie.
1023 1192 1031 1208 .
1062 1193 1071 1209 .
1107 1201 1117 1218 ,

63 1336 145 1402 (quod
154 1337 242 1402 ιοὶιω)
251 1357 320 1391 nemo
328 1341 373 1391 hoe
384 1358 471 1392 nomen
480 1343 567 1408 posuit.
617 1342 704 1406 quibus
712 1341 840 1406 Thynnum
851 1343 889 1391 vel
901 1343 1004 1390 maxime
1015 1343 1119 1400 infestat,

62 1410 158 1474 Lepide
169 1413 240 1478 vulgo
255 1414 365 1465 dicuntur
380 1416 457 1481 pisces
470 1416 565 1481 quidum
617 1430 646 1464 uc
660 1415 816 1480 persequitur.
848 1416 927 1465 Aldus
937 1416 996 1465 Aldi
1007 1418 1040 1466 N.
1050 1434 1118 1484 repo-

61 1484 132 1550 plsni
142 1487 228 1536 etlsti.
244 1489 382 1538 G.-MSS.
406 1491 502 1554 Lepores
513 1493 567 1540 lati.
617 1491 698 1546 nebat,
710 1490 809 1548 llmsaf
826 1506 874 1555 qno
889 1489 920 1539 de
937 1492 1002 1555 pisce
1016 1491 1119 1549 Plinius,

62 1559 132 1608 Prin.
150 1561 277 1628 excerpsit,
299 1564 385 1627 Epodes
406 1566 450 1614 loti
469 1568 567 1631 generis.
616 1561 660 1612 lib.
670 1564 746 1612 xxxii.
758 1565 861 1629 eupli·
878 1564 951 1613 Cror.
978 1566 1117 1622 (lermlibri

62 1634 259 1684 vens-mne.
273 1636 358 1686 Renes
368 1638 470 1687 msrinss
481 1638 511 1687 de
520 1638 565 1705 pis-
616 1635 706 1700 scripti,
717 1645 741 1685 et
752 1637 871 1687 Pithoeus.

59 1705 129 1755 cium
139 1721 225 1770 genere
235 1708 351 1775 intelligo.
371 1712 405 1761 G.
652 1711 707 1758 1³2.
734 1711 812 1774 Tuque
831 1715 965 1777 peregrinis,
986 1714 1117 1774 Asinum.

99 1781 157 1829 127.
177 1782 300 1848 Pereunt]
319 1784 375 1833 Ald.
389 1788 483 1834 eetrsms'
496 1788 565 1847 pus·
615 1784 794 1847 nominando]
814 1785 853 1833 De
864 1784 1008 1851 Acipensere
1016 1785 1117 1842 Plinius,

61 1855 481 1922 MSS.etPitlr.estrsms'pursse.⁰
515 1861 566 1926 Ego
616 1855 660 1904 lib.
679 1857 712 1906 ix.
730 1873 785 1922 esp.
802 1858 858 1906 xvii.
876 1867 901 1907 st
922 1859 988 1908 stibi.
1020 1859 1116 1917 italice,

58 1926 157 1994 relique
174 1945 203 1978 es
221 1932 327 1998 Oppiani
343 1934 399 1983 Hel.
413 1934 436 1983 1.
449 1933 517 1983 initio
532 1934 567 1983 ite
616 1931 727 1988 Sturium,
746 1932 849 1989 Gallice,
871 1933 1006 1998 Esturgson.
1040 1934 1118 1983 Sensit

58 2001 189 2066 supplevi:
207 2010 224 2033 “
240 2005 346 2054 Extremi
356 2018 465 2072 pascunt,
472 2020 567 2074 propter
615 2019 708 2054 meeum
729 2005 872 2055 clarissimus
892 2007 1016 2054 Muretus:
1034 2016 1059 2054 et
1077 2006 1118 2054 elii

58 2076 170 2126 confinis
185 2075 250 2143 ripn,
260 2078 312 2128 Aut
327 2079 380 2128 ήκω
396 2082 499 2147 scopuli,
515 2081 564 2131 ha.
615 2077 659 2126 siri
675 2077 837 2134 eruditissimi,
848 2078 908 2128 inter
921 2095 981 2143 quos
996 2078 1117 2128 Rondele·

57 2158 127 2206 sent,
143 2152 275 2218 Persisque
290 2154 440 2219 sudesque.’'
474 2155 566 2206 Pm-
616 2150 673 2207 tius,
685 2167 740 2217 esp.
752 2153 796 2201 ult.
807 2153 849 2200 lib.
860 2152 909 2200 xiv.
921 2151 946 2200 id
959 2151 1044 2201 litteris
1060 2168 1116 2202 oon·

56 2223 274 2290 quSudsqmex
288 2225 375 2283 Plinio,
385 2228 426 2293 qui
437 2227 492 2277 hinc
506 2231 566 2278 cira.
615 2225 745 2288 signarunt.
778 2225 813 2272 At
826 2225 894 2274 aliter
909 2224 1116 2290 Gisceferius,qui

60 2305 141 2355 vetet,
170 2297 194 2349 in
223 2299 302 2349 locum
330 2301 394 2351 hunc
423 2302 567 2368 postliminio
615 2297 667 2347 hnc
687 2307 755 2348 notet
773 2299 797 2348 in
818 2299 864 2347 huc
882 2300 986 2348 secunde
1005 2298 1119 2349 editione.

55 2370 164 2421 restitui.
180 2371 256 2422 Vur.
564 2382 566 2386 ⁴
616 2373 655 2421 De
666 2372 819 2438 Acipensere,
830 2371 916 2438 inquit,
927 2374 992 2422 veris
1005 2382 1042 2423 est
1058 2373 1119 2424 inter

21 2502 25 2507 .
99 2445 155 2494 120.
175 2447 282 2511 osum]
308 2448 376 2497 Gobii
396 2449 434 2498 vel
457 2450 521 2498 cotis
541 2450 565 2498 in
615 2447 740 2510 scriptores
759 2446 884 2504 sententis,
903 2447 1013 2511 qnisnsm
1034 2447 1073 2503 sit,
1094 2456 1119 2496 et

59 2519 140 2584 petris
153 2521 368 2588 etmisdefflmt
379 2522 483 2573 AElim,
517 2524 565 2573 lm.
616 2534 663 2583 quo
674 2519 737 2584 spud
749 2535 792 2568 nos
800 2527 896 2568 vocetur
906 2518 1010 2569 nomine.
1035 2518 1120 2570 Jorius

60 2595 142 2642 driess
178 2593 250 2643 Gobii
288 2595 409 2660 epitheton
446 2596 564 2647 dixerim:
616 2593 726 2642 eumdem
749 2609 801 2643 esse
821 2593 874 2643 vult
894 2609 950 2643 cum
969 2593 1070 2660 Ellope;
1099 2596 1120 2644 ls

60 2681 211 2732 quemquem
234 2669 338 2725 otium,
357 2669 382 2718 id
406 2680 442 2719 est
462 2670 567 2721 lubricus
617 2667 708 2716 urard
714 2687 723 2725 ,-
740 2667 812 2732 idque
821 2668 919 2733 probare
930 2667 1052 2717 contendit
1061 2684 1119 2716 non·

59 2740 99 2790 sui
116 2741 218 2806 generis,
230 2742 301 2808 piscis
316 2752 352 2792 est
368 2743 479 2810 Oppisno
493 2761 566 2811 prope
616 2741 688 2791 nullis
715 2741 867 2807 argumentis.
900 2741 1056 2791 Rondeletius
1082 2741 1119 2789 di·

59 2813 267 2863 ostisfluviorum.
283 2815 361 2865 Gssu.
391 2859 394 2864 ,
617 2831 695 2865 uersos
717 2832 768 2866 esse
789 2817 850 2865 inter
870 2831 896 2864 se
916 2815 1051 2873 existimet;
1077 2816 1118 2864 El-

99 2886 155 2935 1³⁰.
173 2886 283 2953 Lolligo]
304 2888 404 2954 Pelagio
421 2899 457 2941 est
471 2891 565 2956 Lolligo
616 2889 734 2955 lopenque
776 2889 903 2954 squsmosi,
946 2889 1118 2953 Acipenserem
1148 2882 1151 2887 ’

58 2974 160 3024 mmm·
176 2961 254 3010 Gssu.
288 2962 380 3011 Plinius
395 2964 476 3013 multis
490 2964 514 3012 in
530 2964 564 3013 lo·
615 2963 744 3012 mustellini
775 2962 891 3026 generis3
926 2977 1027 3026 eumque
1057 2977 1118 3018 esse,

61 3031 116 3081 cis:
140 3033 260 3089 AErisnus,
275 3034 300 3082 in
316 3035 369 3084 libri
383 3035 416 3084 ix.
430 3037 507 3098 cupite
524 3040 565 3087 52.
615 3037 656 3102 qui
678 3037 740 3103 apud
760 3053 803 3086 nos
819 3036 898 3084 Sturio
915 3043 1025 3084 vocetur:
1052 3034 1117 3099 quod

62 3106 101 3155 nx
118 3104 225 3154 mollium
240 3123 334 3172 genere,
344 3109 406 3158 sicut
416 3111 531 3177 Polypus,
541 3120 566 3160 et
615 3111 711 3175 quidem
726 3126 770 3159 non
785 3110 867 3176 paucis
881 3109 1009 3158 rationibus
1021 3118 1046 3157 et
1060 3123 1117 3157 eue-

61 3178 160 3245 ssoepis:
178 3180 297 3246 proprium
313 3182 469 3239 hebetiores
486 3185 566 3234 mollis
616 3194 691 3232 torum
706 3183 846 3233 testimoniis
860 3183 992 3231 confirmet.
1026 3181 1118 3231 Paulus

63 3263 91 3303 ut
109 3252 183 3310 solet,
199 3263 224 3303 et
242 3255 343 3304 volitans
361 3256 466 3306 Concha
485 3258 565 3306 adhe·
616 3266 694 3307 tumen
704 3258 787 3307 Jovius
800 3256 904 3306 Silurum
917 3256 1050 3304 Sturionem
1066 3271 1118 3304 esse

63 3344 128 3384 rens,
149 3334 174 3376 et
194 3327 229 3376 ita
248 3330 340 3386 affixus,
361 3338 403 3378 ant
423 3347 494 3380 arena
515 3348 567 3382 sese
617 3330 865 3380 nostrumerbitmtur.
893 3329 978 3378 Inhec
990 3327 1116 3376 tamensi·

61 3403 202 3458 suburmns,
228 3404 375 3469 tempestatis
397 3404 490 3468 signum
514 3417 565 3454 est:
617 3404 662 3469 piti
682 3419 762 3469 pugne
783 3401 922 3468 perdifficile
947 3410 984 3450 est
1004 3417 1071 3449 nosse
1092 3401 1118 3451 in

62 3473 162 3524 vivendi
185 3475 287 3540 spetlum
309 3486 357 3525 tem
383 3476 475 3542 Sepia,
495 3493 567 3542 quem
618 3487 694 3525 utrem
710 3477 785 3541 msgis
799 3485 888 3541 purtem
905 3474 1001 3523 inclinet
1012 3473 1119 3525 victoris.

62 3546 179 3613 lolligini
193 3549 265 3598 breve
280 3558 324 3599 est.
358 3551 470 3615 Namque
485 3551 568 3615 paucis
618 3553 671 3600 Hoc
687 3560 766 3599 temen
781 3548 1020 3617 'animadvertendum
1037 3549 1118 3599 existi·

60 3622 193 3689 excerptis,
215 3623 330 3673 bimatum
359 3641 406 3673 non
433 3625 566 3690 complent:
618 3641 666 3680 mo,
687 3622 772 3672 mirum
793 3622 867 3671 videri
892 3621 1062 3687 Acipenserem
1086 3623 1117 3672 ub

60 3712 194 3762 numquam
209 3697 244 3745 ilii
255 3698 322 3747 deest
336 3700 405 3764 copie
421 3699 562 3758 atramenti3
618 3698 706 3747 Ouidio
726 3697 873 3763 peregrinum
890 3696 978 3752 vocari,
999 3697 1019 3744 si
1040 3706 1118 3746 noster

56 3773 110 3821 suis
139 3769 329 3835 promuscidibus
355 3772 432 3837 pisces
454 3781 562 3821 venatur.
613 3772 692 3821 Sturio
705 3773 744 3827 sit,
755 3787 829 3836 quum
844 3786 890 3818 non
900 3771 982 3834 procul
998 3786 1013 3819 s
1029 3771 1116 3820 moeni·

58 3843 276 3908 cios-omnm
286 3846 349 3894 Sues.
368 3845 562 3910 Diripsepussiur
613 3846 657 3893 bus
677 3846 748 3894 Urbis
766 3845 791 3893 in
808 3843 897 3899 Tiberi,
916 3858 969 3892 vere
989 3852 1014 3893 et
1033 3851 1116 3893 estate

54 3920 120 3969 citat
148 3917 277 3967 Gesnerus.
318 3919 564 3982 Vtin—Sinuesnpos
612 3919 734 3968 sturiones
750 3916 907 3967 laudatissimi
924 3917 1058 3982 frequenter
1074 3933 1115 3967 cs·

57 3992 146 4042 Can·
166 3990 292 4048 Preclsre,
309 4000 334 4040 ot
350 3993 436 4048 omnia,
453 3992 497 4040 hoc
512 3994 564 4042 vul·
613 3994 716 4057 piantur.
741 3998 793 4041 Hoc
805 4000 884 4040 autem
894 4001 1032 4055 argumento
1044 3990 1114 4039 facile

55 4083 105 4116 nus
121 4063 216 4114 sanavit
227 4065 404 4131 Pantagathus3
421 4066 479 4131 legit
492 4067 564 4123 enim,
612 4066 676 4114 credi
693 4082 762 4130 posse
779 4065 851 4114 alium
868 4080 921 4114 esse
938 4065 1115 4130 Acipenserem,

56 4142 153 4190 Cessra.
190 4139 234 4187 Est
260 4149 338 4189 sutem
364 4141 458 4196 cestra,
485 4139 565 4205 piscis,
614 4141 654 4205 qui
673 4157 686 4189 e
705 4140 799 4190 remotis
818 4138 921 4188 muribus
938 4138 1041 4186 Romam
1059 4135 1114 4185 seiri

56 4230 116 4280 qua
139 4212 166 4262 in
187 4212 266 4279 cupite
287 4213 360 4263 hebet
378 4213 439 4263 duos
459 4215 563 4271 eculeos,
613 4213 697 4263 solitus
708 4222 778 4264 esset.
794 4213 865 4262 Cios.
