2806 5018
518 366 573 431 IN
596 367 899 437 0v1n111131N.
1162 370 1223 443 581

171 534 328 598 eumdem
348 536 389 600 ab
404 535 523 603 Ouidio
540 539 653 614 notari,
668 542 701 604 in
722 564 818 625 quem
842 546 914 628 ipse
937 564 1022 610 nunc
1047 546 1228 624 invehitur,

172 654 251 700 uam
267 639 353 719 quod
369 639 433 703 ait:

334 836 342 850 .
364 838 371 852 .
393 837 400 852 .
422 839 429 853 .
451 795 553 858 Sedet
566 798 706 860 insultare
716 800 825 878 jacenti

295 885 339 948 Te
352 889 433 961 mihi,
447 911 501 951 nec
512 893 607 952 verbis
620 914 735 970 parcere
748 894 825 953 fama
836 894 945 965 refert;

171 1045 326 1121 repetere
341 1040 469 1104 videtur
482 1041 514 1104 in
532 1040 616 1118 Ibin,
632 1042 692 1107 hoc
707 1045 819 1108 modo:

296 1196 485 1277 Vulneraque
497 1199 617 1260 immitis
629 1202 757 1280 requiem
770 1204 928 1282 quaerentia
940 1215 1039 1274 vexat,
1085 1188 1089 1193 ¹

333 1291 354 1348 J
355 1303 431 1351 aetat
444 1303 475 1351 et
487 1293 519 1352 in
532 1303 594 1353 toto
605 1296 693 1355 verba
706 1297 807 1355 canina
820 1296 897 1366 foro;

175 1449 213 1505 et
226 1442 323 1525 paulo
337 1452 431 1526 post:

295 1589 338 1649 At
351 1590 416 1660 tibi,
430 1590 545 1652 calcasti
557 1594 609 1671 qni
622 1615 677 1664 me,
691 1594 827 1666 violente,
837 1597 992 1674 jacentem,

334 1682 402 1754 Qun
414 1683 492 1752 licet,
506 1685 563 1744 heu
575 1688 583 1743 l
603 1688 706 1747 misero
718 1688 834 1749 debitus
846 1690 935 1750 hostis
948 1712 1004 1751 ero.

177 1839 277 1904 Hanc
297 1849 407 1906 autem
420 1843 557 1927 elegiam
571 1844 604 1908 iu
621 1844 788 1930 Hyginum
803 1849 1013 1932 conscriptam
1027 1870 1099 1915 esse
1116 1853 1224 1916 verisi-

176 1941 253 2007 mile
268 1951 329 2018 est,
345 1965 444 2026 quum
459 1945 544 2008 enim
559 1944 680 2028 inquit:

296 2092 353 2152 Ille
365 2113 419 2170 ego
430 2113 505 2162 sum,
519 2114 682 2173 quanquam
696 2115 753 2154 non
766 2096 810 2154 vis
823 2095 932 2166 andire,
945 2108 1061 2158 vetusta

336 2185 424 2246 Pane
436 2206 509 2264 puer
521 2207 610 2265 puero
619 2188 739 2265 junctus
751 2189 884 2249 amicitia.

181 2359 277 2424 Dixit
297 2381 401 2444 paene,
429 2361 515 2444 quia,
543 2370 627 2425 teste
653 2361 819 2437 Suetonio,
847 2362 998 2448 Hyginus
1024 2365 1226 2433 Alexandria

177 2483 262 2545 puer
279 2462 435 2525 advectae
454 2472 535 2537 erat,
550 2472 585 2526 et
602 2461 721 2528 Ovidio
741 2464 1002 2530 familiarissimus
1021 2467 1093 2533 suit.
1139 2467 1225 2533 Rur-

177 2585 234 2628 sus
249 2564 305 2628 ubi
319 2565 383 2627 sic:

299 2714 355 2775 Ille
367 2735 421 2793 ego
430 2714 548 2793 judiciis
560 2715 644 2776 unica
658 2717 746 2776 Musa
758 2718 826 2776 tuis.

178 2877 277 2941 Illum
297 2878 440 2962 apprime
454 2877 627 2952 literatum,
643 2888 740 2961 atque
755 2880 851 2943 etiam
866 2879 1008 2942 criticum
1023 2901 1095 2945 esse
1108 2882 1224 2957 innuit,

178 2977 308 3062 qualem
329 2978 429 3042 fuisse
450 2987 575 3042 constat
589 2978 767 3062 Hyginum,
783 2979 874 3061 cujus
892 2977 925 3040 in
940 2977 1111 3062 Virgilium
1127 2979 1224 3043 Com-

177 3079 335 3143 mentario
348 3079 517 3143 laudantur
531 3080 572 3143 ab
585 3079 628 3143 A.
645 3078 763 3143 Gellio.
807 3078 881 3142 dam
897 3099 973 3141 vero
992 3100 1090 3161 quum
1104 3080 1226 3143 nullam

179 3181 267 3264 apud
289 3179 443 3244 Ovidium
466 3181 585 3264 apertis
605 3179 709 3243 verbis
734 3179 858 3263 Hygini
880 3179 1074 3243 mentionem
1098 3179 1167 3242 fieri
1188 3180 1224 3242 li·

178 3290 290 3365 queat,
305 3282 469 3346 subortum
495 3280 645 3363 equidem
667 3280 751 3343 inter
774 3282 859 3363 ipsos
882 3280 1047 3342 dissidium
1071 3280 1225 3362 suspicari

178 3383 267 3456 licet,
283 3384 368 3465 quod
391 3381 542 3467 Hyginus
565 3381 675 3446 Ovidii
697 3381 872 3445 exsulantis
894 3401 1038 3455 uxorem,
1056 3380 1096 3442 ob
1120 3381 1226 3462 pristi-

178 3504 254 3547 nam
269 3505 342 3547 cum
360 3483 413 3547 illo
428 3468 693 3548 consuetudinem
707 3483 817 3565 procul
833 3482 929 3545 dubio
945 3481 1003 3545 sibi
1018 3481 1226 3557 notissimam,

178 3585 351 3651 sollicitare
372 3607 468 3649 ausus
488 3595 584 3660 esset,
599 3586 734 3669 ejusque
755 3585 924 3647 facultates
940 3584 980 3646 ab
993 3583 1153 3667 Augusto,
1170 3606 1225 3647 cu·

173 3687 230 3770 jus
245 3685 378 3750 libertus
392 3696 473 3761 erat,
485 3687 655 3770 impetrare
670 3694 849 3749 conaretur.
892 3683 1033 3748 Proinde
1050 3683 1085 3747 N
1086 3706 1140 3748 aso
1150 3685 1224 3768 jure

177 3789 212 3851 in
233 3788 337 3870 ipsum
356 3789 513 3863 invectus,
529 3786 759 3852 Callimachum
779 3786 896 3849 imitari
910 3786 1029 3861 voluit;
1051 3786 1174 3850 scilicet
1189 3795 1226 3850 ot

177 3889 233 3953 ille
248 3889 466 3972 Apollonium,
482 3891 568 3972 quod
583 3888 821 3953 Alexandrinus
836 3897 932 3961 esset,
949 3886 1021 3952 Ibin
1041 3887 1224 3971 adpellavit,

179 3990 250 4073 ipse
265 3991 385 4073 pariter
400 3990 580 4075 Hyginum,
594 3991 650 4072 qui
669 4012 689 4053 a
708 3988 867 4053 nonnullis
882 3987 1120 4054 Alexandrinus
1139 3987 1226 4052 habi-

177 4100 233 4154 tus
261 4101 323 4167 est,
353 4092 424 4156 Ibin
453 4092 619 4157 vocitaret.
663 4091 908 4157 Advertendum
937 4102 1105 4175 praeterea,
1137 4087 1224 4169 quod
