2806 5018
172 353 237 416 att
468 348 506 413 P.
531 349 691 413 OVlDll
719 348 928 414 NASONIS

179 525 327 623 Appius
345 535 403 596 est
421 533 562 605 auctor,
583 523 730 620 Pyrrho
748 521 814 618 qui
832 545 926 620 pace
944 531 1096 616 negaba,

230 638 355 711 Multa
371 638 495 711 animo
512 636 625 725 vidit;
655 637 794 710 lumine
811 648 949 733 captus
967 647 1064 710 erat.

178 753 368 851 Prospicit
385 778 408 826 a
425 754 566 851 templo
585 776 773 826 summum
790 752 914 826 brevis
932 774 1023 824 area
1039 751 1197 824 circum:

232 868 303 942 Est
319 869 371 940 ibi
389 893 464 942 non
483 892 606 967 parvae
624 893 739 966 parva
755 869 930 943 columna
947 876 1068 940 notae.
1156 867 1219 938 206

181 982 281 1056 Hinc
300 983 397 1057 solet
413 984 523 1057 hasta
541 1006 666 1068 manu,
686 984 774 1057 belli
792 982 1015 1081 praenuntia,
1032 982 1147 1068 mitti,

232 1099 278 1171 ln
296 1123 424 1195 regem
442 1110 481 1172 et
499 1110 630 1194 gentes
647 1122 765 1194 quum
784 1099 909 1196 placet
925 1121 1031 1171 arma
1048 1098 1148 1194 capi.

182 1214 354 1288 Atrans
375 1238 463 1313 pars
481 1213 572 1287 circi
596 1214 754 1287 custode
774 1214 845 1286 sub
864 1211 1033 1286 Hercule
1051 1222 1137 1287 tuta
1151 1220 1218 1284 est:

231 1330 342 1415 Quod
361 1332 455 1405 deus
475 1330 644 1403 Euboico
661 1330 826 1404 carmine
844 1353 981 1403 munus
1000 1330 1133 1403 habet.
1159 1330 1220 1398 210

182 1445 352 1520 Muneris
370 1455 429 1518 est
452 1455 616 1542 tempus,
636 1446 702 1541 qni
720 1444 851 1518 Nonas
871 1443 1024 1517 Lucifer
1042 1454 1132 1518 ante
1146 1454 1217 1516 est:

233 1559 274 1631 Si
293 1559 422 1632 titulos
440 1560 590 1656 quaeris
611 1560 719 1657 Sylla
738 1560 907 1657 probavit
924 1583 1037 1657 apua.

182 1673 450 1758 Qnmanann,
472 1672 601 1744 Nonas
623 1674 746 1746 Sanco
765 1673 921 1746 Fidione
939 1673 1134 1759 referrem,

233 1787 293 1860 An
312 1789 392 1874 tibi,
414 1789 528 1861 Semo
545 1800 651 1886 pater
662 1816 673 1877 ;
704 1813 820 1884 quum
835 1790 924 1861 milri
946 1789 1099 1863 Sancus
1116 1791 1185 1862 ait:

215 2039 272 2087 203.
282 2037 367 2087 Obiter
378 2036 468 2102 aliquid
477 2037 508 2085 de
516 2036 594 2102 Appio
606 2035 681 2091 addit,
731 2035 829 2084 minio.''
862 2035 977 2100 Neapolis
993 2036 1112 2101 putaniu
1128 2052 1157 2086 en
1170 2037 1221 2084 ura

185 2113 249 2177 qnod
262 2112 368 2178 inprimis
378 2111 552 2166 celebrabatur,
559 2121 583 2158 et
593 2111 623 2159 de
635 2125 681 2174 quo
731 2110 780 2158 dno
798 2110 871 2159 luisse
888 2112 979 2175 templs
993 2111 1120 2167 Herculis,
1135 2113 1222 2160 alteru

184 2185 266 2234 Valet.
278 2187 345 2234 Mar.
357 2184 407 2231 viii.
422 2186 459 2232 tt.
470 2183 570 2231 similem
586 2190 681 2231 senten·
731 2200 746 2232 n
763 2193 848 2232 senata
862 2184 964 2249 positum
976 2185 1049 2249 jussu
1060 2184 1172 2234 carminis
1181 2184 1222 2233 01·

183 2259 242 2308 tiam
253 2260 338 2307 habet:
352 2263 367 2286 ¹¹
375 2257 469 2322 Appius
480 2256 596 2306 Claudius
607 2257 681 2304 fessus
732 2258 804 2313 mani,
817 2257 916 2305 alterum
928 2273 943 2304 n
954 2258 1042 2306 Fulvio
1052 2258 1183 2313 Nobiliore,
1193 2256 1222 2304 in·

181 2335 232 2399 Jnm
243 2332 353 2387 vivendo,
367 2332 454 2379 lectica
464 2347 489 2379 se
503 2331 527 2378 in
538 2331 626 2379 curiam
638 2330 680 2378 de·
730 2340 862 2379 stanrntnm
879 2347 893 2378 a
913 2330 1038 2396 Philippo,
1056 2331 1088 2379 tle
1109 2347 1157 2396 qno
1173 2330 1224 2379 inin

183 2405 238 2453 terri
253 2405 332 2469 jussit,
342 2413 369 2452 ut
384 2420 440 2451 cnm
452 2404 541 2467 Pyrrho
552 2404 681 2452 deformem
731 2420 781 2452 ver.
801 2405 857 2451 ⁸02.
891 2404 929 2451 De
956 2408 1060 2452 cnr-mim
1079 2404 1180 2453 Euboica
1196 2404 1225 2450 ir.

182 2476 327 2542 pacemfieri
340 2477 481 2541 prohiberet.
509 2478 580 2525 Hunc
591 2493 681 2525 caecum
731 2478 788 2526 257.
822 2478 928 2526 Muneris
941 2477 1170 2543 tenpus,diss,qnn
1178 2492 1223 2525 tnn-

184 2549 271 2614 nliquis
288 2550 402 2605 nominet,
421 2563 435 2597 a
452 2565 500 2612 quo
516 2538 601 2612 patria,
618 2551 681 2614 quod
732 2567 777 2599 nus
786 2551 931 2600 dedicatum.
965 2551 1071 2600 Probare
1087 2560 1163 2601 utet
1176 2565 1224 2599 een-

181 2622 307 2671 honestum
322 2630 381 2678 erat,
392 2638 433 2687 per
443 2638 468 2669 se
483 2637 565 2687 parum
576 2638 681 2678 cernens,
731 2626 799 2678 soris,
812 2624 868 2672 dum
887 2638 946 2688 opus
962 2623 1103 2673 absolutum
1120 2624 1226 2689 aphni·

182 2705 267 2745 coacta
277 2706 312 2744 est
323 2696 444 2761 pervidere
455 2696 478 2742 !'’
735 2699 817 2753 Tintli,
829 2697 960 2761 inscriptio.
996 2697 1037 2745 De
1046 2701 1127 2746 titulis
1136 2696 1224 2761 templo·

217 2771 273 2818 205.
285 2769 347 2817 Ante
359 2768 433 2816 nedem
442 2770 548 2817 Bellonae
559 2786 613 2816 area
623 2779 682 2825 erat,
733 2786 784 2818 rum
796 2771 848 2818 vide
858 2769 1019 2818 Schwarzinm
1031 2771 1062 2819 nd
1071 2771 1145 2819 Plinii
1151 2783 1226 2836 paneg·

182 2852 209 2890 et
223 2843 279 2891 inde
296 2846 370 2891 cirrus
383 2843 521 2897 Flaminius,
533 2859 603 2907 quem
622 2861 682 2890 sum·
732 2843 775 2890 liv.
788 2846 810 2890 4.

186 2933 255 2972 ruam,
274 2915 341 2981 cnjus
358 2924 447 2980 partem
467 2917 615 2971 anteriorem,
630 2932 681 2981 pro·
765 2918 822 2965 213.
845 2917 915 2965 ll'ourr
934 2918 1009 2964 Sanco
1024 2919 1118 2980 sacrm]
1142 2919 1226 2968 Saum.

185 2991 310 3055 spectabat
321 3005 384 3037 ntea.
413 2990 501 3045 Breuis,
514 2999 622 3051 angusta,
633 2989 682 3035 exi·
734 2997 783 3044 aut,
795 3000 820 3038 ut
835 2989 876 3037 atii
891 2989 1007 3045 scribunt,
1017 2992 1113 3055 ὄνομα
1125 3000 1150 3039 st
1164 2992 1224 3038 Sur

185 3080 241 3127 gua.
276 3063 390 3111 Columna
406 3063 469 3111 illius
488 3064 645 3111 meminemnt
659 3074 683 3110 et
735 3063 879 3126 tru,primus
893 3063 1034 3112 Sabinorum
1046 3079 1094 3113 rex
1114 3075 1140 3113 et
1155 3075 1226 3114 aneu

186 3138 235 3185 nlii.
263 3138 347 3185 Festus
359 3138 382 3185 in
397 3137 506 3184 Bellona:
527 3136 621 3184 ‘'Ante
632 3137 683 3199 ejus
733 3136 820 3199 gentis,
838 3144 891 3200 post
908 3145 1007 3184 mortem
1023 3137 1088 3186 inter
1103 3138 1161 3188 deos
1173 3137 1225 3186 tels·

185 3210 300 3277 templum
317 3219 368 3258 erat
381 3210 515 3264 columella,
527 3226 580 3273 quie
598 3209 684 3257 bellica
733 3219 781 3264 tus,
794 3219 820 3257 nt
834 3210 931 3257 Faunus
947 3209 1013 3273 npud
1025 3211 1142 3271 Latinou
1156 3211 1226 3259 Silina

187 3284 329 3341 vocabatnr3
352 3299 423 3348 supra
444 3299 514 3347 qnam
538 3283 629 3329 hastam
645 3283 681 3346 ja·
733 3282 784 3329 viii.
804 3283 868 3340 4223
889 3282 1019 3345 Angustin.
1037 3282 1069 3332 de
1092 3285 1166 3334 cirin
1185 3283 1224 3330 Dei

185 3358 289 3412 ciebant,
303 3373 376 3420 quum
397 3357 486 3404 bellum
507 3355 683 3403 indicebatur.'’
733 3354 799 3402 xviii.
826 3355 892 3401 ldem
911 3364 936 3402 et
950 3355 1035 3404 Fidius
1050 3366 1077 3405 et
1093 3358 1225 3418 Supte

187 3430 279 3478 Victor.
296 3429 320 3476 in
337 3430 400 3492 Reg.
418 3429 457 3476 ix:
483 3428 558 3475 AEdes
576 3427 682 3474 Bellone
733 3428 811 3476 dictus
831 3439 877 3475 est.
916 3428 1033 3493 Neapolis
1053 3430 1118 3479 dnns
1137 3430 1224 3493 inserir-

186 3519 266 3552 versus
292 3511 383 3566 portam
411 3501 601 3549 Carmentalem:
629 3510 683 3548 nnte
734 3503 808 3548 tiones
830 3501 925 3557 adtulit,
952 3501 976 3547 in
995 3505 1103 3565 quibus:
1130 3505 1224 3564 “stop

186 3575 248 3623 hane
267 3574 343 3622 aedem
359 3574 469 3622 columna
486 3574 557 3621 index
573 3573 629 3621 belli
648 3573 682 3619 in·
733 3575 819 3622 Sancto
830 3575 924 3621 Semoni
932 3573 1055 3624 dsnFidio
1066 3578 1222 3633 unctum,''et:

182 3647 303 3696 ferendi.’'
336 3648 451 3712 Antiquis
466 3648 609 3711 temporibus
621 3649 684 3694 basta
734 3648 856 3695 “Semoni
871 3648 949 3695 Sanco
964 3646 1012 3695 deo
1022 3649 1093 3698 Fidio
1109 3647 1219 3700 nerum-'⁸

184 3720 322 3769 mittebatur
338 3735 353 3767 a
369 3721 453 3768 Fetiali
469 3721 494 3768 in
511 3730 597 3768 terram
610 3720 680 3769 bosti-
732 3721 815 3768 Festus
835 3721 858 3768 in
876 3720 982 3768 Praedin:
1001 3729 1017 3749 ‘¹
1027 3714 1058 3771 lb
1081 3724 1135 3773 ade
1149 3721 1217 3771 sina

186 3791 249 3852 lem3
267 3793 356 3848 Livius,
367 3793 384 3839 i.
396 3796 436 3842 32.
466 3795 681 3855 Nonporoaeuora,
732 3794 930 3858 quideusFidius
942 3797 1070 3858 putatur.''
1088 3795 1217 3852 livinariii.

183 3866 305 3920 notabilis,
317 3867 474 3914 memorabilis
485 3867 622 3915 admodum.
731 3870 771 3915 20.
792 3869 905 3916 Semouem
931 3870 1033 3918 &aanor
1057 3883 1102 3920 nut
1120 3874 1216 3936 Sauga·-

180 3970 184 3978 .
218 3939 276 3985 209.
285 3937 375 3985 Eodem
384 3938 430 3995 die,
438 3939 512 4004 pridie
520 3942 610 3996 Nonas,
622 3941 682 3989 Her·
732 3942 800 3998 Sunt,
818 3942 859 4005 qui
876 3950 961 4006 putent
977 3944 1092 3993 eumdem
1108 3955 1132 3994 et
1147 3946 1214 3992 san

183 4011 245 4058 culis
261 4012 365 4058 Curiatiis
380 4016 486 4076 templum
503 4014 528 4062 in
545 4013 608 4063 circo
628 4016 682 4063 Fla-
732 4015 822 4064 dictum
844 4030 905 4064 esne.
939 4016 988 4064 Sed
1008 4019 1142 4068 secundnm
1158 4017 1212 4066 Cute

183 4084 258 4133 minio
285 4085 428 4135 dedicatum.
469 4088 573 4136 Kalend.
597 4100 679 4138 vetus:
731 4102 785 4136 nem
803 4089 827 4136 in
845 4089 929 4154 Origg.
947 4092 1030 4147 Sabus,
1048 4108 1064 4140 a
1082 4108 1130 4159 qno
1144 4102 1209 4140 nom

186 4163 203 4184 ‘¹
215 4157 312 4206 Herculi
320 4159 508 4222 Mngnocustodi
521 4160 616 4208 incirco
625 4161 680 4209 Fla·
729 4161 955 4218 SabinorumSnnci
962 4164 1028 4214 filius
1037 4165 1111 4216 tuine
1119 4163 1207 4214 mum.
