2806 5018
173 371 219 437 92
470 367 511 432 P.
534 306 700 431 uv1n11‘
720 363 934 434 Nasonis

179 543 232 619 At
248 541 453 640 qnondam,
468 540 560 612 dum
577 540 691 635 longa
706 548 843 636 gerunt
859 536 1097 635 pugnacibus
1116 535 1230 611 armis

232 657 354 745 Bella,
374 655 588 757 parentales
605 655 808 729 deseruere
824 652 920 727 dies.

182 774 218 849 N
221 801 270 849 on
288 775 442 874 impune
458 772 549 846 tuit:
580 796 666 846 nam
683 771 821 844 dicitur
838 768 964 844 omine
982 768 1031 841 ab
1049 766 1123 840 isto

233 891 357 965 Roma
374 888 601 963 suburbanis
619 887 821 962 incaluisse
838 885 952 981 rogis.
1159 885 1231 956 550

181 1006 256 1080 Vix
274 1005 452 1104 equidem
469 1003 583 1079 eredo
600 1030 608 1077 :
638 1002 760 1077 bustis
777 1002 904 1075 exisse
921 999 1106 1084 feruntur,

233 1120 284 1194 Et
301 1122 424 1195 tacitae
443 1122 572 1218 questi
589 1129 759 1217 tempore
777 1118 899 1192 noctis
917 1116 973 1192 avi
992 1141 1000 1190 :
1063 1132 1067 1139 '

182 1238 333 1337 Perque
350 1238 429 1311 rias
449 1238 563 1324 urbis,
584 1237 788 1333 Latiosque
808 1234 973 1307 ululasse
991 1255 1060 1329 per
1079 1254 1191 1326 agros

232 1353 430 1427 Deformes
448 1353 605 1437 animas,
625 1352 759 1447 vulgus
781 1351 904 1435 inane,
923 1348 1061 1420 ferunt.

180 1467 275 1541 Post
292 1492 337 1541 ea
354 1466 535 1565 praeteriti
552 1467 706 1540 tumulis
721 1465 928 1539 redduntur
946 1463 1126 1550 honores;
1155 1465 1227 1533 555

231 1581 496 1679 Prodigiisque
513 1583 616 1656 venit
631 1581 903 1678 funeribusque
922 1579 1068 1653 modus.

181 1697 283 1769 Dum
297 1708 424 1770 tamen
442 1699 523 1771 haec
542 1697 649 1783 fiunt,
665 1698 786 1771 viduae
800 1706 947 1772 cessate
965 1694 1125 1792 puellae:
1168 1782 1169 1785 Ἴ

230 1810 441 1910 Exspectet
457 1836 571 1910 puros
590 1812 703 1910 pinea
719 1813 819 1888 taedu
836 1811 931 1884 dies.
975 1826 977 1830 “

180 1928 217 2002 N
219 1952 262 2001 ec
281 1927 362 2014 tibi,
383 1951 467 2024 quae
486 1928 635 2027 cupidae
653 1938 801 2001 matura
816 1926 992 2000 videbere
1011 1924 1135 2010 matri,

231 2044 367 2118 Cernat
385 2043 568 2140 virgineas
587 2044 696 2116 hasta
713 2043 1027 2116 recurva'comas.
1154 2043 1225 2111 560

211 2302 268 2349 548.
286 2301 430 2355 Parentales,
445 2299 532 2363 quibus
548 2300 680 2364 parentalia
730 2302 822 2358 Qnaest.
834 2300 906 2346 Rom.
915 2316 940 2362 p.
955 2299 994 2345 161
1007 2314 1014 2356 3
1033 2296 1203 2345 Macrobsm.
1213 2294 1228 2340 i.

178 2375 336 2423 celebrantur.
366 2376 481 2428 Deserere,
492 2388 539 2422 non
551 2372 680 2422 celebrare.
733 2374 784 2436 15.)
802 2372 925 2422 Feralibus
942 2371 1015 2422 ovid.
1032 2379 1056 2419 et
1074 2369 1120 2418 has
1136 2379 1162 2419 et
1178 2368 1228 2418 illas

180 2446 226 2496 Ille
236 2447 359 2511 neglectus
369 2446 414 2495 fnit
425 2447 481 2494 mali
491 2450 580 2496 ominis.
598 2448 679 2505 Roma,
730 2449 846 2497 abstinere
853 2448 923 2512 jubet
933 2462 948 2494 a
959 2444 1057 2511 nuptiis.
1076 2447 1226 2508 Quamquam

177 2529 228 2571 cte.
247 2520 425 2569 multitudinem
446 2520 595 2569 morientium
617 2522 678 2569 indi·
730 2525 804 2571 vicluoe
820 2522 904 2584 puella
921 2521 993 2569 etiam
1011 2519 1060 2568 diei
1078 2527 1180 2584 possunt
1194 2516 1227 2564 in·

178 2600 226 2651 cat,
237 2601 332 2659 propter
346 2609 417 2658 quam
433 2595 457 2642 in
469 2594 610 2644 suburbanis
621 2596 680 2645 loeis
730 2604 826 2660 nuptae3
843 2595 950 2659 Pmpert.
963 2593 997 2640 11.
1008 2592 1074 2640 xxiv.
1086 2593 1125 2639 17.
1143 2597 1160 2618 “
1173 2586 1226 2654 quid

178 2676 213 2717 tot
233 2667 282 2733 rogi
304 2677 371 2717 erant
392 2669 553 2725 comburendi,
575 2678 601 2717 ut
621 2669 677 2719 inde
729 2668 825 2733 prodest
858 2667 941 2714 viduas
972 2665 1073 2714 dorruire
1102 2661 1227 2728 puellas‘t”

178 2739 230 2808 ipsa
239 2741 319 2790 Roma
329 2740 492 2790 incalesceret.
511 2744 678 2792 Parentalibus
727 2744 774 2791 Pru
800 2745 868 2804 pinea
891 2739 997 2788 nonnulli
1019 2744 1098 2801 spinea
1120 2737 1226 2794 miluum

176 2813 289 2868 reductis,
304 2817 382 2862 modus
398 2819 459 2863 uenit
466 2816 602 2880 yimeribar.
630 2817 677 2865 De·
727 2832 783 2864 sane
795 2817 834 2863 fax
846 2831 859 2863 e
870 2814 939 2879 spina
950 2814 1016 2868 alba,
1027 2827 1082 2876 quse
1101 2810 1225 2877 plurimum

168 2886 492 2952 formet,etc.delunctorum
505 2890 602 2945 umbrae,
611 2889 677 2939 luctu
727 2890 752 2938 in
768 2888 902 2938 avertendis
913 2887 982 2935 malis
992 2887 1069 2933 valere
1080 2885 1226 2939 credebatur,

177 2960 302 3010 deformes.
328 2962 386 3009 Post
402 2959 461 3009 tutti
477 2962 579 3009 Caesaris
596 2978 677 3010 necem
727 2963 831 3027 praelerri
841 2962 866 3010 in
876 2960 963 3026 nuptiis
972 2959 1072 3008 solebat.
1099 2957 1226 3006 treptia

175 3040 193 3061 ⁴⁴
205 3033 332 3083 simulacra
340 3033 416 3081 modis
423 3034 539 3098 pallentia
548 3034 612 3082 rniris
620 3037 679 3084 Visa
728 3039 776 3083 xvi.
788 3037 828 3084 ³0.
840 3037 889 3091 ubi,
900 3043 915 3061 ‘⁴
929 3033 1005 3099 spina,
1017 3033 1155 3097 nuptiarum
1171 3029 1226 3078 laci·

176 3106 221 3156 sub
239 3108 364 3155 obscumm
382 3107 492 3155 noctis:”
509 3108 578 3172 Virg.
590 3109 677 3173 Georg.
728 3109 773 3157 bus
794 3107 1010 3174 auspicatissima.'’
1044 3106 1095 3154 Sed
1116 3114 1142 3154 et
1162 3107 1226 3167 pinea

177 3180 195 3229 i.
211 3181 268 3229 477.
295 3180 399 3230 Lenzius
416 3191 499 3230 contra
515 3183 625 3246 dgtbrmes
641 3183 676 3231 in·
728 3184 791 3230 taeda
808 3183 832 3231 in
850 3199 902 3231 usu.
934 3182 1061 3234 Paridies,
1077 3180 1167 3246 quibus
1182 3194 1226 3227 non

176 3254 252 3318 tetttg.
269 3271 315 3303 non
332 3267 420 3303 certam
439 3256 536 3304 sormam
555 3256 677 3312 habentes,
728 3266 831 3320 aguntur
857 3273 894 3305 res
921 3254 1075 3320 sepulcrales,
1107 3262 1150 3302 ant
1177 3252 1226 3301 tris·

176 3326 268 3376 inanes.
305 3329 431 3385 Praeteriti,
456 3329 569 3394 neglecti.
611 3331 677 3378 Venit
728 3339 773 3378 tas.

174 3400 205 3449 iis
226 3404 312 3457 modias,
330 3410 424 3450 cessant
445 3404 560 3468 prodigia,
582 3413 607 3452 et
626 3404 677 3469 ipsa
760 3406 816 3452 559.
845 3404 943 3464 captae.
971 3402 1070 3467 cupiens
1099 3398 1225 3450 accelerari

94 3522 98 3531 ,
176 3474 265 3522 rariora
276 3474 335 3522 fiunt
346 3474 436 3523 lunera.
727 3477 781 3524 filiae
793 3477 896 3541 nuptias.
931 3477 1005 3524 Hasta
1014 3491 1122 3523 recurva.
1133 3476 1225 3523 Arnob.

209 3549 265 3596 557.
283 3548 405 3596 Feralibus
422 3566 468 3597 non
484 3550 519 3598 las
532 3558 568 3598 est
581 3550 676 3598 nubere.
726 3549 781 3598 adv.
797 3551 897 3604 Gentes,
914 3549 939 3597 ii.
955 3566 980 3614 p.
992 3550 1034 3598 91.
1049 3554 1065 3575 “
1077 3547 1225 3596 Nubentinm

175 3619 255 3668 Etiam
268 3620 309 3669 alii
320 3621 372 3670 dies
386 3623 474 3687 nuptiis
489 3623 676 3689 copulandisqre·
725 3624 813 3672 crinem
825 3624 928 3671 crelibari
939 3621 1153 3671 bastamulcetis.”
1171 3621 1226 3669 Plu·

175 3692 253 3757 ligiosi
267 3694 316 3743 sive
334 3694 456 3743 devitandi
473 3696 629 3752 habebantur,
642 3695 676 3744 iii.
725 3698 829 3752 tarutius,
841 3699 933 3754 Quart.
946 3696 1015 3744 Rom.
1026 3712 1049 3760 p.
1063 3696 1120 3742 148.
1133 3693 1225 3758 querit,

176 3768 233 3817 ³9³.
264 3769 350 3817 Viduas
360 3772 449 3831 patellas
460 3771 554 3818 Marsus
565 3770 676 3835 intelligit
725 3787 767 3820 cur·
778 3776 828 3820 τῶν
840 3769 1002 3836 γαμουμένων
1012 3769 1093 3834 αἰχμῇ
1111 3767 1224 3831 δορατίου

175 3841 268 3906 puellas
287 3858 361 3907 nuper
379 3852 473 3908 nuptas,
485 3858 538 3906 quar
552 3858 644 3891 cessare
660 3861 674 3892 a
725 3846 773 3905 τὴν
787 3845 867 3909 κόμην
882 3843 1062 3908 διακρίνουσιν,
1075 3858 1118 3891 cur
1136 3843 1225 3890 nuben-

175 3916 314 3971 concubitu,
326 3917 439 3964 secubare
456 3915 530 3963 nviro
537 3916 674 3978 jubeantur.
724 3918 783 3966 tium
807 3934 898 3967 comem
927 3934 1004 3983 parvae
1028 3917 1104 3964 bastae
1126 3916 1225 3980 cuspide

173 3988 260 4046 Immo,
279 3989 309 4037 de
330 3989 386 4037 solis
408 3990 497 4052 nuptiis
517 4004 579 4036 nunc
598 4005 674 4038 sermo
724 3990 902 4050 discriminent3
920 3992 1019 4056 ejusque
1032 3990 1065 4038 rei
1076 4005 1164 4039 causas
1174 3989 1227 4054 plu·

173 4071 218 4111 est.
252 4064 334 4120 Quum
348 4062 401 4110 ulie
419 4062 481 4110 lerioe
496 4062 572 4126 magis
587 4065 672 4120 viduis,
724 4080 761 4112 res
782 4065 859 4113 affert.
898 4065 985 4112 Facam
1006 4080 1063 4112 usus
1083 4062 1158 4111 etiarn
1179 4072 1227 4111 tani

175 4151 248 4200 quam
275 4138 403 4201 uirginibus
427 4134 516 4183 idonere
545 4151 596 4184 esse
623 4153 673 4184 cre·
724 4136 748 4186 in
768 4139 898 4194 funeribus,
916 4154 987 4203 quam
1010 4136 1034 4184 in
1053 4137 1228 4202 parentalibus.

175 4210 286 4258 derentnr
313 4208 344 4257 ad
369 4209 516 4266 nubendum,
537 4210 672 4276 (Plutarch.
724 4211 786 4260 Vide
799 4212 904 4261 Kirchm.
916 4212 946 4261 de
958 4210 1082 4261 tatis.
1106 4210 1226 4276 Tempore
