2806 5018
363 387 624 456 FASTORUM
647 390 739 458 LIB.
763 392 813 458 11.
1066 396 1109 460 91

57 559 183 636 Parva
199 571 334 660 petunt
352 561 509 638 Manes:
532 565 655 664 pietas
672 590 739 665 pro
757 567 872 641 divite
890 579 997 664 grata
1014 579 1075 660 est

110 675 293 752 Munere:
314 702 389 752 non
408 679 536 753 aridos
556 681 656 780 Styx
674 681 790 756 habet
808 682 883 757 ima
900 684 1016 759 Deos.
1032 688 1106 759 536

58 791 207 889 Tegula
224 794 401 892 projectis
420 795 511 868 satis
529 805 589 869 est
605 798 730 871 velata
746 800 893 873 coronis
908 828 919 887 ;

111 907 162 982 Et
180 933 321 1009 sparsae
339 909 486 1007 fruges3
508 935 699 1012 parcaque
716 915 815 988 mica
832 915 944 1004 salis3

58 1024 184 1124 Inque
201 1050 305 1100 mero
323 1027 467 1101 mollita
486 1028 616 1117 Ceres,
634 1031 819 1127 violaeque
837 1032 994 1106 solutae:
1095 1096 1097 1101 .

111 1141 205 1216 Haec
224 1143 362 1218 habeat
378 1145 503 1219 media
520 1155 619 1220 testa
635 1145 767 1220 relicta
782 1145 855 1220 via.
1032 1151 1106 1220 540

59 1257 98 1330 N
101 1283 145 1332 ec
176 1261 319 1356 majora
338 1252 446 1334 veto:
484 1261 552 1334 sed
581 1271 620 1335 et
649 1261 707 1334 his
743 1262 939 1361 placabilis
972 1263 1107 1338 umbra

211 1384 294 1448 est:

111 1490 223 1564 Adde
241 1515 374 1590 preces
392 1491 525 1589 positis
543 1502 582 1565 et
599 1515 668 1565 sua
684 1495 799 1567 verba
815 1493 921 1567 focis,

60 1604 176 1679 Hunc
194 1630 335 1681 morem
353 1607 506 1694 AEneas,
526 1608 679 1706 pietatis
698 1610 857 1685 idoneus
875 1620 1020 1699 auctor,
1053 1646 1055 1651 ·

110 1721 250 1794 Attulit
266 1722 304 1793 in
322 1732 454 1809 terras,
469 1723 573 1818 juste
593 1723 737 1811 Latine,
757 1737 854 1800 tuas.

59 1836 131 1910 Ille
149 1837 267 1935 patris
285 1838 410 1913 Genio
428 1839 611 1913 solemnia
628 1834 729 1915 dona
745 1842 911 1916 ferebat:

111 1951 212 2027 Hinc
231 1954 360 2053 populi
378 1954 472 2027 ritus
490 1953 680 2029 edidicere
697 1957 793 2056 pioS.

1033 1845 1107 1916 545

57 2227 170 2277 Pontifici
179 2227 294 2292 subjecit3
310 2228 362 2276 Lir.
373 2229 390 2277 i.
400 2232 440 2279 20.
469 2231 559 2281 Relata
609 2232 649 2288 tis,
670 2247 685 2280 a
712 2231 817 2281 convivis
843 2230 939 2280 domum
967 2233 1110 2282 abeuntibus

57 2305 128 2351 sunt*
141 2302 167 2350 in
191 2301 354 2357 februarium,
371 2303 481 2354 ultimum
501 2304 558 2353 olim
606 2310 710 2368 prrp’eete
730 2316 797 2356 erant
818 2307 843 2355 in
859 2306 912 2356 viis.
938 2306 1038 2356 Heroid.
1056 2307 1107 2358 xri.

57 2391 174 2425 mensem.
208 2375 247 2424 De
267 2375 306 2425 die
325 2385 350 2425 at
364 2386 468 2442 tempore
486 2377 557 2427 dura·
610 2381 673 2442 1653
691 2380 851 2429 remorari.
862 2381 904 2430 67.
941 2381 1050 2447 Tegulem
1066 2398 1109 2432 au·

58 2450 132 2500 tionis
141 2449 192 2499 rid.
201 2449 231 2499 ad
240 2465 332 2499 versum
341 2452 399 2500 569.
416 2451 557 2502 Danomine
608 2463 655 2502 tem
670 2454 772 2503 Lennius
787 2454 879 2502 mavult
889 2463 1051 2520 tegumentum
1063 2456 1111 2505 foci

58 2526 158 2575 Faetus:
176 2525 300 2574 “Feralia
315 2526 370 2575 Diis
387 2527 501 2575 Manibus
517 2541 556 2575 aa·
608 2537 705 2576 antara
716 2528 860 2592 intelligere,
870 2528 942 2578 etiam
960 2539 1109 2580 monterrant

57 2609 127 2648 crata
144 2600 213 2656 testa,
230 2615 243 2648 a
263 2599 367 2649 terendis
383 2599 468 2666 epulis,
488 2601 526 2650 rel
544 2617 559 2649 a
609 2601 692 2651 eodem
710 2617 780 2650 sensu
799 2616 894 2667 capere,
910 2606 1023 2665 projectas
1041 2603 1109 2653 deni·

58 2671 171 2722 feriendis
179 2672 338 2739 pecudibus?
354 2673 438 2730 Varro,
449 2673 479 2723 de
488 2674 558 2739 Ling.
610 2690 657 2739 que
678 2675 826 2741 interpretari
849 2676 874 2725 in
895 2690 961 2725 aram
982 2677 1109 2742 conjectas.

56 2748 161 2797 Latina:
177 2754 192 2775 ⁴·
205 2747 299 2797 Feralia
312 2748 343 2796 ab
354 2747 436 2796 inieris
446 2757 471 2796 et
481 2749 558 2799 seren·
613 2749 693 2797 Velare
703 2750 800 2797 verbum
819 2764 912 2798 sacrum
926 2747 957 2798 de
975 2749 1067 2798 coronis
1083 2758 1108 2800 et

56 2821 96 2878 do,
114 2819 179 2887 qnod
196 2821 275 2869 ferunt
292 2828 348 2870 tunc
369 2821 454 2886 epulas
472 2822 503 2870 ad
521 2838 558 2872 aa·

56 2895 178 2961 pulcrum,
190 2895 283 2960 ¹quibus
300 2896 341 2959 jus
359 2895 393 2943 ibi
410 2896 559 2960 parentare.''

57 2969 97 3019 Cl.
110 2985 135 3017 r.
151 2970 199 3018 419
215 2984 270 3035 sqq.
288 2969 329 3018 ubi
345 2969 456 3018 Iaemrrria
471 2969 558 3018 descri-

57 3043 158 3093 buntur.

89 3117 173 3167 Horror
190 3119 286 3167 tumulis
302 3126 353 3167 erat
369 3116 465 3182 publice
479 3117 558 3184 priva·

57 3192 164 3257 timqae;
188 3191 283 3256 publice
299 3191 337 3240 his
353 3191 411 3257 ipsis
428 3191 558 3249 Feralibus,

56 3265 171 3332 privatim
185 3265 383 3314 Noremdialibus
400 3275 425 3314 et
435 3265 557 3314 Denicali-

55 3341 112 3390 bur.
148 3341 285 3389 maturae.
313 3341 394 3389 Intell.
413 3340 508 3396 tumuli,
521 3356 558 3390 se·

610 2823 682 2872 vittis.
710 2823 749 2871 De
766 2826 825 2871 mma
841 2825 895 2871 ralia
905 2822 960 2872 vide
972 2822 1002 2872 ad
1018 2823 1036 2871 i.
1049 2826 1107 2873 3³8.

611 2896 667 2946 Hoee
682 2897 770 2952 baboel,
781 2908 827 2945 etc.
842 2896 894 2944 baec
911 2905 1059 2961 apponantur
1070 2897 1110 2946 rel

609 2969 634 3017 in
645 2970 686 3018 rili
698 2979 759 3018 testa
769 2968 831 3019 vasis
840 2969 908 3018 fracti
918 2977 942 3018 et
952 2970 976 3017 in
985 2970 1111 3037 publicum

608 3044 717 3108 projecti.
929 3040 932 3046 ’

640 3119 697 3166 541.
711 3119 779 3181 Saepe
793 3113 964 3180 impensissimo
974 3115 1052 3162 officio
1065 3129 1108 3178 pa.

608 3191 740 3240 rentabant.
773 3189 837 3237 Vide
855 3187 997 3237 Kirchrn.d.
1009 3187 1027 3234 Ι.
1060 3189 1108 3237 Sua

608 3267 683 3320 verta,
700 3263 748 3312 illis
772 3262 845 3312 sacris
863 3261 994 3327 propria,e
1013 3271 1071 3311 nota
1085 3262 1111 3311 vi

609 3337 679 3402 hujus
689 3335 841 3402 pronominis.

55 3415 152 3480 pulcra.
177 3415 243 3477 Pyre
257 3413 369 3471 enim,nt
383 3413 559 3470 luetum‚locue
641 3412 700 3460 543.
725 3410 781 3458 Pius
802 3411 904 3467 AEneau
930 3408 1109 3462 accommodata

55 3487 98 3537 abi
114 3494 219 3537 mortuus
230 3494 256 3535 et
267 3488 405 3536 combustus
415 3495 440 3535 et
452 3487 559 3552 sepultus
608 3484 634 3533 b.
647 3485 663 3533 l.
679 3488 770 3547 pietatis
785 3487 880 3533 idoneus
895 3492 991 3531 auctor:
1008 3484 1044 3531 vir
1056 3491 1108 3533 tan.

53 3571 101 3612 ast.
130 3562 221 3618 Aridus,
232 3575 370 3625 magnorum
380 3575 504 3608 munerum
516 3575 557 3609 cu·
609 3567 656 3616 tus,
666 3560 755 3625 pietate
772 3575 816 3608 sua
832 3557 945 3622 inclytus,
955 3557 1039 3606 merito
1055 3557 1108 3623 pio·
1187 3554 1191 3561 ’

54 3635 135 3703 pidos.
609 3650 660 3682 rum
680 3634 768 3682 rituum
790 3643 872 3681 auctor
893 3631 993 3681 exstitit.
1033 3632 1110 3688 Patri,

88 3711 147 3759 53⁷.
168 3708 288 3757 Memorat
307 3723 381 3774 parra
402 3723 508 3764 munera,
527 3708 558 3757 de
609 3692 680 3772 quiem
703 3708 765 3774 apud
789 3708 930 3772 Drepanum
957 3706 1108 3770 sepeliverat,

55 3784 146 3849 quibua
162 3782 180 3833 i.
192 3783 241 3832 337
253 3798 306 3849 sqq.
340 3782 429 3848 Tegula
449 3781 473 3829 in
489 3782 559 3832 tectis
608 3783 715 3845 sequenti
733 3798 795 3831 anno
808 3782 832 3830 in
847 3780 928 3829 Sicilia
945 3796 1038 3828 sacrum
1053 3780 1110 3830 lecit

53 3857 226 3923 sepulcrorum.
259 3857 298 3906 De
312 3856 357 3906 hoc
367 3872 502 3905 coronarum
514 3872 557 3905 usu
609 3854 804 3911 anniversarium,
827 3855 890 3919 quod
913 3853 1010 3903 AEneid.
1030 3870 1055 3901 v.
1077 3855 1110 3904 94

53 3931 112 3980 vida
128 3928 270 3980 Kirehman.
289 3930 319 3979 de
335 3929 447 3979 Funerib.
463 3946 488 3994 p.
499 3931 557 3979 560.
608 3943 661 3994 sqq.
681 3930 829 3979 describitur.
870 3930 907 3978 lbi
935 3928 1040 3977 incertus
1063 3935 1110 3984 est,

53 4005 97 4055 ubi
117 4005 188 4054 etde
204 4004 301 4054 floribus
317 4007 405 4061 solutis,
416 4005 493 4069 vagis,
512 4021 558 4054 non
608 4008 624 4029 ‘⁸
636 4004 772 4052 Geniumne
790 4001 844 4055 loci,
861 4001 1007 4050 famulumne
1024 4015 1109 4065 paren·

52 4081 203 4130 incoronam
214 4078 311 4129 coactis.
333 4077 435 4128 Coronis
445 4094 491 4127 non
500 4095 559 4144 opus
609 4077 640 4126 tis
662 4078 719 4127 Esse
744 4076 837 4142 putet.”
880 4075 962 4123 Jnrrm
987 4073 1110 4139 epitheton

51 4161 109 4204 erat
119 4152 187 4202 noris
197 4162 223 4203 et
233 4162 283 4204 arte
298 4151 387 4213 tactim
403 4151 459 4201 huie
475 4152 559 4217 pietati
609 4152 720 4216 frequens
731 4165 812 4215 regum
823 4157 848 4197 et
861 4149 960 4196 aliorum
971 4145 1035 4212 apud
1046 4145 1109 4194 Noe·

50 4227 206 4278 sufficiebant
222 4242 267 4285 ea,
278 4242 341 4292 quse,
350 4225 469 4276 conviviis
485 4241 559 4275 exac-
610 4234 680 4274 trum.
715 4225 807 4286 Populi,
820 4221 910 4272 Latini.
