2806 5018
174 359 239 426 ato
465 350 506 419 Ρ.
528 348 689 416 OVIDII
713 346 925 415 NASONIS

177 530 276 604 Hinc
287 548 416 614 cruot;
436 525 523 600 hinc
535 525 678 615 coedes3
694 523 917 620 infirmaque
926 520 1095 594 vincitur
1112 529 1221 593 aetas:

230 646 391 742 Sceptra
402 665 515 740 gener
528 664 657 716 socero
676 649 785 738 rapta
800 636 989 737 superbus
1003 636 1136 711 habet.
1154 638 1223 709 600

179 760 269 860 lpse
288 760 358 833 sub
378 754 572 855 Esquiliis,
591 756 655 830 ubi
674 765 757 831 erat
771 778 842 829 sua
857 752 972 851 regia,
993 776 1121 826 caesus

230 873 408 949 Concidit
425 872 463 947 in
481 873 576 947 dura
593 871 899 969 sanguinolentus
917 869 1049 943 humo.

180 992 288 1078 Filia,
306 1001 485 1090 carpento
503 990 644 1088 patrios
661 989 800 1063 initura
816 995 986 1086 penates,

231 1107 317 1182 lbat
333 1131 400 1207 per
417 1106 560 1182 medias
578 1107 654 1181 alta
670 1104 853 1201 feroxque
870 1101 962 1175 vias.
1051 1184 1054 1188 ,

183 1224 332 1322 Corpus
350 1233 393 1296 ut
409 1222 596 1321 adspexit,
614 1219 791 1318 lacrymis
809 1217 939 1313 auriga
954 1214 1125 1314 prolissis
1157 1216 1222 1290 605

232 1337 411 1426 Restitit;
440 1337 540 1411 hunc
558 1337 624 1410 tali
643 1335 796 1433 corripit
811 1334 877 1407 illa
892 1356 1009 1407 sono:

182 1452 325 1529 Vadist
352 1476 400 1527 an
418 1463 617 1552 exspectas
635 1450 796 1549 pretium
812 1448 964 1548 pietatis
983 1446 1180 1521 amarum?

233 1567 331 1654 Duc,
350 1569 516 1666 inquam,
535 1568 669 1641 invitas
686 1565 769 1665 ipsa
784 1588 853 1663 per
869 1586 934 1638 ora
950 1573 1069 1638 rotas.

184 1683 300 1757 Certa
314 1682 410 1757 fides
427 1683 538 1758 facti:
567 1681 691 1756 dictus
712 1680 926 1755 Sceleratus
944 1680 994 1752 ab
1013 1678 1084 1752 illa
1157 1678 1219 1751 609

233 1797 362 1885 Vicus,
382 1808 421 1872 et
437 1810 577 1872 aeterna
593 1821 653 1871 res
671 1819 718 1871 ea
734 1820 864 1895 pressa
880 1804 983 1869 nota.
1087 1791 1220 1891 [rentis

184 1912 281 1988 Post
293 1924 420 1989 tamen
434 1916 505 1989 hoc
518 1937 610 1990 ausa
623 1924 683 1988 cst
693 1914 890 2012 templum,
901 1920 1155 1985 monuments
1164 1930 1220 2006 pa·

236 2029 423 2128 Tangere:
452 2030 546 2104 mira
566 2029 733 2127 quidem,
752 2029 820 2104 sed
837 2039 963 2102 tamen
981 2035 1072 2100 acta
1087 2027 1220 2122 loquar.

188 2145 346 2242 Signum
364 2156 446 2221 erat
463 2145 501 2218 in
518 2144 611 2219 solio
628 2144 797 2219 residens
815 2144 885 2218 sub
902 2143 1069 2239 imagine
1084 2139 1199 2214 Tulli:

237 2259 385 2334 Dicitur
402 2262 472 2334 hoc
490 2260 610 2334 oculis
626 2261 848 2359 opposuisse
864 2282 1031 2334 manum.

191 2371 472 2448 Etvoxaudita
489 2386 548 2448 est
558 2404 567 2464 ;
588 2374 726 2449 Vultus
744 2373 964 2449 abscondite
981 2383 1148 2462 nostros,
1161 2371 1224 2445 615

239 2488 275 2561 N
279 2513 300 2564 e
318 2500 415 2563 natae
432 2490 584 2563 videant
601 2514 666 2563 ora
683 2489 845 2564 nefanda
861 2512 965 2562 meae.

188 2713 388 2763 stinctnslnriis.”
421 2717 556 2763 Adtonitam
565 2732 573 2772 ;
589 2716 682 2764 Livius:
734 2719 784 2775 dit,·
801 2732 815 2765 a
829 2715 882 2763 Liv.
891 2713 975 2763 melius
990 2716 1094 2774 putridus
1109 2711 1227 2762 inducitur.

190 2795 205 2815 “
218 2787 352 2838 Concursus
366 2788 447 2855 populi
460 2788 531 2836 fiebat
543 2790 571 2837 in
587 2788 685 2847 curiam,
734 2792 853 2846 Amanum,
863 2802 948 2852 grave:
966 2786 1032 2852 apud
1043 2786 1150 2851 Dionys.
1157 2784 1229 2833 'lullis

190 2863 364 2927 apparebatque
394 2872 556 2926 regnaturum,
582 2862 623 2927 qni
651 2864 685 2911 vi·
734 2864 821 2927 aurigae
843 2869 975 2926 correptum
995 2860 1087 2925 pedum
1106 2860 1228 2909 scabellum

190 2937 284 2986 cisset.”
316 2938 392 2987 Gener
410 2955 497 2986 moero:
518 2953 571 2986 cum
590 2936 614 2984 vi
634 2937 686 2987 haec
734 2936 828 3000 infligit.
854 2936 913 2984 Lteti
927 2934 1228 2997 cod.habetusmsae,quu

190 3010 224 3060 sic
243 3012 374 3076 junguntur
389 3013 461 3061 etiam
479 3028 494 3060 a
511 3011 587 3069 Livio,
603 3013 620 3060 i.
635 3013 685 3060 49:

188 3087 334 3135 “Socerum
363 3101 434 3151 gener
460 3087 581 3151 sepultura
608 3085 685 3149 prohi-

190 3159 266 3208 buit.”

223 3234 279 3281 601.
290 3232 425 3281 Secundum
436 3231 536 3288 livium,
548 3232 566 3280 i.
578 3234 618 3280 tt.
629 3233 686 3280 Tul-

192 3306 225 3355 lia
240 3323 254 3355 a
270 3307 336 3356 curia
350 3307 376 3356 in
386 3308 471 3356 collem
483 3306 651 3370 Esquiliariam
662 3321 687 3355 se

191 3381 316 3447 recipiens,
334 3381 440 3446 pervenit
459 3381 489 3429 ad
503 3397 619 3430 summurn
639 3381 687 3445 Cy·

192 3455 268 3520 prium
286 3456 378 3504 vicum:
396 3455 429 3504 ibi
447 3472 521 3519 quum
539 3456 620 3520 auriga
636 3470 688 3503 car·

193 3538 290 3593 pentum
315 3529 399 3579 dextra
426 3531 451 3579 in
473 3530 573 3579 Urbium
601 3529 688 3579 clivum

195 3603 308 3659 flecteret,
320 3619 399 3668 regem
413 3603 554 3653 trucidatum
570 3602 594 3651 in
606 3602 644 3650 via
651 3603 689 3666 ja·

195 3683 287 3724 centem
304 3676 372 3724 vidit.
405 3678 434 3726 In
454 3678 562 3740 Esquiliis
583 3675 689 3724 Servium

195 3748 321 3806 habitasse,
336 3750 407 3799 etiam
424 3767 453 3800 ex
472 3751 545 3800 Solini
562 3750 647 3815 Polyh.
664 3750 689 3797 ii.

195 3833 296 3872 constat.
329 3825 362 3874 Τὸ
381 3827 429 3873 atta
447 3841 494 3874 non
517 3825 636 3874 retulerim
658 3825 688 3873 ad

195 3906 341 3962 carpentum,
362 3914 409 3963 quo
431 3899 568 3956 vehebatur,
589 3899 631 3947 sed
659 3899 687 3946 ad

196 3972 330 4034 superbiam
349 3971 439 4030 animi;
456 3974 558 4020 Metam.
581 3973 612 4021 vi.
632 3974 687 4021 169.

196 4046 274 4093 Niobe
284 4044 383 4108 pedibus
393 4044 515 4103 incedens,
527 4057 553 4094 nt
564 4048 637 4096 oculos
644 4050 688 4096 cir·

196 4121 303 4170 cumtrilit
314 4121 363 4167 altu
373 4122 487 4183 superbos.

229 4194 285 4242 605.
298 4192 389 4259 Auriga
402 4192 442 4244 hic
463 4197 572 4258 lacrymas
592 4195 689 4259 prry'nn·

735 3010 792 3058 milri
804 3025 892 3065 amara,
904 3009 1003 3057 molesta
1013 3016 1064 3056 est:
1083 3008 1180 3073 quidum
1189 3009 1228 3055 isi·

735 3103 812 3147 pssum
846 3084 913 3131 fides
924 3089 1003 3147 potest
1019 3079 1228 3145 argumentamini·

735 3157 818 3222 telligi,
826 3154 1230 3221 quoeunlirmsturuliqnid;1iritu.

735 3241 920 3294 mortnmsrttoptto
941 3233 1003 3279 tom
1023 3240 1056 3279 est
1066 3248 1076 3288 ,·
1099 3231 1229 3280 Macrin

736 3309 811 3354 amum
831 3316 921 3354 omont.
953 3302 1055 3369 Dionys.
1076 3313 1179 3360 aucmre,
1194 3303 1229 3351 ille

737 3381 812 3435 vicus.
819 3396 892 3445 quum
899 3386 968 3427 antes
977 3379 1062 3427 Orbius
1067 3381 1134 3445 (sive
1141 3379 1229 3438 Urtius>

737 3454 903 3519 appellaretur,
912 3452 1028 3501 Scelerati
1039 3468 1128 3503 nomen
1138 3450 1227 3517 accepit.

740 3531 909 3577 AEtnmonoto.
941 3528 1029 3576 Putem
1043 3527 1170 3575 munitis
1183 3538 1227 3574 ene

738 3603 901 3667 ignominium,
917 3609 960 3650 aut
983 3617 1072 3650 nomen
1096 3599 1225 3666 ignominio-

740 3691 809 3734 sum3
837 3675 926 3731 Livius,
947 3675 980 3723 iv.
1000 3676 1047 3724 29:
1078 3683 1094 3703 ¹⁸
1111 3672 1227 3740 Imperioso

740 3749 831 3797 Manlio
853 3763 982 3813 cognomen
1004 3748 1126 3807 inditum
1153 3749 1225 3795 Pau·

740 3824 800 3872 mins
811 3823 877 3871 nulla
888 3823 948 3872 tristi
957 3833 1015 3872 nota
1030 3831 1066 3872 est
1077 3822 1196 3886 insignitus
1203 3816 1224 3876 3⁰

739 3895 802 3944 idem
817 3897 883 3946 xxxi.
897 3899 937 3946 44.
955 3907 1031 3945 notam
1047 3898 1225 3962 {geminent

739 3971 869 4035 conjungit.
886 3970 1016 4035 Ignominia
1026 3969 1224 4027 aeternitati,

739 4053 803 4093 recte
819 4044 906 4092 dicitur
924 4045 1041 4094 hominem
1059 4054 1102 4092 aut
1120 4058 1166 4092 rem
1181 4054 1223 4102 pn·

739 4135 806 4167 mere.
844 4119 882 4168 De
908 4119 1046 4184 cognomine
1070 4128 1125 4167 acts
1149 4115 1222 4178 tegitur

739 4191 902 4242 conmisso.
