2806 5018
643 375 751 442 lBlS.

174 548 422 645 Sollicitoque
440 549 561 634 bibas,
580 550 698 647 Anyti
715 549 956 626 doctissimus
973 553 1062 626 olirn

226 663 505 761 Imperturbato
522 664 625 760 quod
643 662 740 736 bibit
756 686 820 736 ore
838 688 937 739 reue.

175 777 259 852 Nec
274 777 354 864 tibi,
374 779 405 851 si
425 779 517 875 quid
537 801 652 862 amas,
671 777 816 850 felicius
836 777 1019 855 Haemone
1036 787 1159 877 cedat,

124 954 127 961 .
226 893 357 990 thue
375 917 444 966 sua
462 893 673 979 Macareus
693 893 747 965 sic
766 893 909 990 potiare
927 907 1005 969 tua.

173 1008 247 1083 Vel
263 1009 404 1093 videas,
424 1010 526 1105 quod
541 1011 634 1105 jam,
649 1032 767 1104 quum
785 1009 945 1083 flammae
963 1025 1101 1087 cuncta
1113 1027 1218 1092 tene·

226 1122 439 1198 Hectoreus
457 1124 578 1222 patria
593 1123 687 1196 vidit
704 1124 752 1196 ab
770 1147 856 1198 arce
874 1149 979 1223 puer.
1017 1131 1130 1224 [rent
1145 1136 1219 1205 565

175 1239 369 1335 Sanguine
388 1242 524 1337 probra
541 1241 635 1326 luas,
655 1250 697 1312 ut
714 1264 782 1312 avo
799 1241 968 1335 genitore
985 1257 1146 1333 creatus,

126 1428 131 1435 ,
227 1354 303 1427 Per
319 1354 464 1428 lacinus
482 1379 585 1427 soror
603 1365 660 1428 est
677 1355 738 1427 cui
756 1379 825 1428 sua
841 1356 942 1431 lacta
960 1383 1108 1455 parens.

176 1469 340 1542 Ossibus
358 1471 473 1566 inque
491 1469 565 1542 tuis
584 1469 648 1541 teli
666 1492 785 1564 genus
803 1471 944 1545 haereat
961 1473 1067 1563 illud,

225 1583 401 1658 Traditur
418 1583 528 1658 Icarii
548 1609 625 1682 quo
642 1585 826 1659 cecidisse
840 1610 966 1683 gener.
1145 1597 1219 1667 570

176 1699 308 1796 thue
326 1700 468 1797 loquax
483 1700 521 1772 in
540 1725 640 1797 equo
658 1710 717 1774 est
733 1701 847 1774 elisus
865 1714 993 1798 guttur
1010 1730 1158 1795 acerno,

226 1814 290 1888 Sic
308 1814 377 1887 tibi
392 1815 588 1889 claudatur
606 1814 743 1912 pollice
761 1816 863 1889 vocis
882 1817 964 1891 iter.

172 1931 252 2003 Aut
269 1941 312 2003 ut
328 1930 577 2004 Anaxarchus
595 1930 672 2028 pila
690 1930 869 2004 minuaris
888 1931 927 2004 in
945 1935 1033 2021 alta,

224 2044 384 2144 letoque
401 2070 469 2144 pro
487 2045 606 2120 solitis
623 2044 792 2141 frugibus
811 2070 898 2120 ossa
914 2060 1061 2122 sonent.

206 2361 264 2411 561.
281 2362 354 2422 Anyti
372 2361 511 2407 doctissimus
530 2357 604 2419 olon]
622 2357 671 2404 Ve·
721 2371 797 2421 usque
810 2356 875 2406 illius
885 2357 967 2407 lances
982 2374 1129 2425 compresse,
1142 2361 1219 2413 donec

171 2443 236 2484 teres
252 2432 359 2500 plerique
374 2433 496 2489 velsttsn
512 2431 607 2480 Metiri?
624 2437 671 2477 tum
721 2444 776 2477 curn
797 2446 855 2479 voce
877 2446 925 2480 una
943 2442 968 2481 et
990 2432 1062 2482 vitem
1083 2435 1218 2487 emitteret:

171 2508 237 2557 enim
248 2506 327 2556 Meliti
335 2521 405 2571 quem
415 2503 489 2569 Anyti
498 2519 550 2553 rens
557 2505 673 2552 Socrates·
721 2512 816 2551 auctore
826 2503 995 2570 Tryphiodoro.

171 2582 265 2630 Herus.
297 2579 396 2629 Molitus
408 2577 563 2643 penultimam
577 2577 672 2642 longum
754 2577 811 2626 573.
828 2580 877 2626 Aut
891 2589 918 2626 ut
933 2581 1105 2644 Anaxarchus]
1121 2581 1220 2633 lthta

172 2653 255 2704 babet.
722 2650 869 2708 Anaxarchi,
885 2650 995 2702 Laertitu
1013 2654 1093 2711 uadit,
1110 2655 1221 2706 Auster·

206 2727 264 2775 563.
282 2724 412 2787 Hesiona]
435 2724 544 2781 Hermon,
563 2723 673 2773 Creontis
722 2723 793 2773 chum
804 2725 868 2775 huuc
875 2725 1015 2776 Abderiten
1024 2727 1106 2786 fuisse,
1115 2730 1220 2780 etAlex·

170 2800 338 2848 'l'bebsnorum
354 2799 415 2863 regis
431 2797 503 2854 lilius,
518 2798 671 2861 Antigonam,
722 2796 821 2847 andrum
842 2808 959 2848 uentum.
998 2800 1116 2850 Habuisse
1139 2811 1220 2852 sutem

172 2872 257 2938 OEdipi
267 2880 292 2920 et
301 2871 403 2920 Jocastae
417 2870 498 2928 filiam,
510 2870 555 2919 sibi
570 2870 670 2935 despou·
720 2869 842 2919 inimicum
863 2872 1055 2930 Nicocreontem,
1077 2874 1219 2939 Cypriorum

170 2943 428 3010 sam,tsminrpotenti
437 2958 514 2992 amore
524 2944 633 3009 deperiit,
645 2953 671 2992 ut
721 2951 856 3008 tyrsnnum.
890 2945 993 2994 Proinde
1006 2962 1079 3010 quum
1091 2946 1219 3012 aliquando

171 3019 203 3069 etl
216 3026 313 3067 mortue
324 3017 441 3066 tumulum
452 3032 504 3066 sese
513 3017 662 3066 interfecerit.
720 3034 773 3066 cum
795 3018 933 3067 Alexandro
960 3028 1075 3076 coenaret,
1094 3020 1162 3084 isque
1189 3021 1219 3070 de

207 3093 265 3142 66⁴.
285 3091 359 3156 thue
369 3108 410 3140 suc
424 3091 566 3154 Macaron]
580 3090 671 3155 Insigni
720 3090 822 3139 convivii
837 3091 952 3157 adparatu
965 3092 1133 3142 Anaxarchum
1146 3092 1219 3143 inter·

173 3166 291 3215 dedecore
315 3172 384 3214 notus
407 3173 444 3213 est
465 3166 496 3214 ob
521 3164 672 3213 concubitum
721 3163 1219 3232 rogurst‚respondissc‚omnislsutestque

172 3240 284 3290 Ceneces
305 3239 401 3288 rorone:
423 3238 522 3288 eandem
542 3237 671 3304 turpitudi·
722 3236 819 3285 adfatim
844 3237 958 3301 sdpsrnu
984 3252 1044 3294 esse,
1064 3246 1220 3305 preterquam

170 3312 463 3378 nemlbitliimprecatur.
481 3313 551 3361 Dour.
722 3309 787 3374 quod
808 3318 880 3375 ceput
898 3317 998 3375 satraps
1021 3309 1219 3372 (Nicocreontem

206 3387 264 3436 sot.
271 3387 389 3451 Sanguine
394 3388 477 3448 probra
484 3386 556 3449 luce]
564 3385 672 3451 Myrrha,
722 3384 837 3447 innuens)
856 3399 903 3433 non
924 3384 1007 3433 εοάοω
1024 3383 1130 3432 adlatum
1147 3393 1220 3436 esset.

172 3459 269 3524 Cinyra
280 3458 337 3516 filia,
348 3459 461 3508 innuitur.
721 3458 792 3505 Hauc
813 3472 895 3505 rocem
922 3465 1005 3521 postes
1026 3456 1219 3516 Nicocreontem,

205 3532 264 3581 569.
276 3531 367 3580 Ουίὸω
375 3534 444 3595 inque
456 3535 501 3580 tuis
509 3565 516 3580 .
524 3530 626 3579 ..Icarii
632 3545 672 3594 ge·
721 3538 812 3578 mortuo
828 3529 974 3585 Alexandro,
987 3529 1074 3586 ultum,
1086 3537 1158 3594 atque
1170 3530 1219 3580 An·

171 3604 237 3668 sm]
255 3604 380 3655 luteremit
392 3603 502 3669 Ulyssem
520 3613 611 3668 patrem
625 3602 671 3651 Te·
722 3603 851 3651 anarchum
866 3610 1006 3667 tempestate
1023 3602 1128 3667 qusdsm
1141 3602 1220 3669 Cypro

171 3677 283 3742 legonus.
722 3676 847 3742 adpulsum
868 3675 1080 3741 comprehendisse,
1098 3677 1219 3728 mortario·

204 3750 263 3800 stt.
284 3749 360 3813 thue
377 3749 478 3813 tecm]
502 3750 574 3798 Hunc
593 3749 671 3798 locum
721 3749 1219 3816 quesivepila(utlricdicitur)imposituur,

170 3823 279 3889 explicet
285 3823 398 3871 Politian.
405 3823 429 3871 in
437 3822 607 3877 Miscellanei‚
616 3838 671 3887 esp.
722 3823 816 3889 pistillis
831 3823 910 3872 terreis
924 3824 1037 3872 contundi
1047 3824 1160 3888 jussisse:
1178 3840 1220 3875 ex·

170 3897 212 3947 ts.
247 3895 393 3960 Intelligitur
410 3905 490 3945 sutem
503 3895 673 3960 Anticlus,qui
723 3895 872 3946 sectnetisrn
885 3896 974 3961 lingue.
988 3911 1018 3945 ne
1033 3897 1219 3963 coonciinqui·

172 3986 229 4019 cnm
241 3969 334 4018 ceteris
345 3970 437 4019 Grecis
447 3986 510 4034 equo
520 3970 626 4019 Dursteo
637 3969 673 4017 in·
724 3971 769 4020 bus
789 3970 862 4019 etiam
880 3971 941 4019 inter
958 3971 1074 4037 supplicis
1095 3981 1221 4036 tyrannum

171 4043 263 4100 clusus.
279 4043 310 4092 sd
328 4059 409 4093 rocem
427 4044 527 4093 Helene
544 4043 676 4092 simulantis
725 4044 865 4102 incessebat,
892 4045 980 4094 diutius
1007 4046 1118 4094 molestus
1144 4053 1206 4093 esset
1213 4063 1220 4105 ;

172 4132 305 4166 sermonem
324 4126 350 4166 et
367 4118 439 4166 verbs
456 4117 534 4166 uxoris
550 4116 622 4173 illins,
639 4133 674 4165 re·
724 4120 780 4169 virle
796 4129 821 4168 et
837 4120 919 4169 Valer.
936 4120 1005 4168 Max.
1021 4119 1063 4168 lib.
1078 4117 1112 4166 iii.
1127 4131 1181 4180 esp.
1196 4118 1222 4166 8.

173 4189 292 4256 spondere
312 4188 398 4240 voluit.
432 4190 479 4240 Sed
498 4191 529 4239 ab
545 4190 631 4255 Ulysse
647 4205 676 4240 eo
726 4193 824 4243 Mrcrn.
