<?xml version="1.0" encoding="UTF-8"?>
<!DOCTYPE html PUBLIC "-//W3C//DTD XHTML 1.0 Transitional//EN"
    "http://www.w3.org/TR/xhtml1/DTD/xhtml1-transitional.dtd">
<html xmlns="http://www.w3.org/1999/xhtml" xml:lang="en" lang="en">
 <head>
  <title>
</title>
<meta http-equiv="Content-Type" content="text/html;charset=utf-8" />
  <meta name='ocr-system' content='tesseract 3.04.00' />
  <meta name='ocr-capabilities' content='ocr_page ocr_carea ocr_par ocr_line ocrx_word'/>
</head>
<body>
  <div class='ocr_page' id='page_1' title='image "./povidiinasoniso03burmgoog_0213.png"; bbox 0 0 2806 5018; ppageno 0'>
   <div class='ocr_carea' id='block_1_1' title="bbox 173 346 926 419">
    <p class='ocr_par' dir='ltr' id='par_1_1' title="bbox 173 346 926 419">
     <span class='ocr_line' id='line_1_1' title="bbox 173 346 926 419; baseline -0.009 0"><span class='ocrx_word' id='word_1_1' title='bbox 173 352 241 419; x_wconf 65' lang='lat'>222</span> <span class='ocrx_word' id='word_1_2' title='bbox 466 349 506 412; x_wconf 89' lang='lat' dir='ltr'>P.</span> <span class='ocrx_word' id='word_1_3' title='bbox 529 346 691 412; x_wconf 82' lang='lat' dir='ltr'>ovtnu</span> <span class='ocrx_word' id='word_1_4' title='bbox 715 347 926 412; x_wconf 80' lang='lat' dir='ltr'>NASONIS</span> 
     </span>
    </p>
   </div>
   <div class='ocr_carea' id='block_1_2' title="bbox 176 519 1093 734">
    <p class='ocr_par' dir='ltr' id='par_1_2' title="bbox 176 519 1093 734">
     <span class='ocr_line' id='line_1_2' title="bbox 176 519 993 620; baseline -0.004 -22"><span class='ocrx_word' id='word_1_5' title='bbox 176 526 255 599; x_wconf 87' lang='lat' dir='ltr'>Cur</span> <span class='ocrx_word' id='word_1_6' title='bbox 272 523 384 620; x_wconf 90' lang='lat' dir='ltr'>igitur</span> <span class='ocrx_word' id='word_1_7' title='bbox 401 520 526 594; x_wconf 78' lang='lat' dir='ltr'>missae</span> <span class='ocrx_word' id='word_1_8' title='bbox 543 521 678 594; x_wconf 89' lang='lat' dir='ltr'>vinctis</span> <span class='ocrx_word' id='word_1_9' title='bbox 695 519 867 594; x_wconf 89' lang='lat' dir='ltr'>ardentia</span> <span class='ocrx_word' id='word_1_10' title='bbox 882 520 993 595; x_wconf 77' lang='lat' dir='ltr'>taedis</span> 
     </span>
     <span class='ocr_line' id='line_1_3' title="bbox 221 634 1093 734; baseline -0.001 -24"><span class='ocrx_word' id='word_1_11' title='bbox 221 637 345 734; x_wconf 81' lang='lat' dir='ltr'>Terga</span> <span class='ocrx_word' id='word_1_12' title='bbox 360 635 484 711; x_wconf 81' lang='lat' dir='ltr'>ferant</span> <span class='ocrx_word' id='word_1_13' title='bbox 498 635 644 734; x_wconf 87' lang='lat' dir='ltr'>vulpes,</span> <span class='ocrx_word' id='word_1_14' title='bbox 663 658 780 709; x_wconf 87' lang='lat' dir='ltr'>causa</span> <span class='ocrx_word' id='word_1_15' title='bbox 794 634 969 710; x_wconf 89' lang='lat' dir='ltr'>docenda</span> <span class='ocrx_word' id='word_1_16' title='bbox 985 635 1093 709; x_wconf 90' lang='lat' dir='ltr'>mibi.</span> 
     </span>
    </p>
   </div>
   <div class='ocr_carea' id='block_1_3' title="bbox 172 766 1215 1904">
    <p class='ocr_par' dir='ltr' id='par_1_3' title="bbox 172 766 1063 982">
     <span class='ocr_line' id='line_1_4' title="bbox 172 766 1063 866; baseline -0.004 -23"><span class='ocrx_word' id='word_1_17' title='bbox 172 769 325 866; x_wconf 87' lang='lat' dir='ltr'>Frigida</span> <span class='ocrx_word' id='word_1_18' title='bbox 343 768 545 854; x_wconf 84' lang='lat' dir='ltr'>Carseolis,</span> <span class='ocrx_word' id='word_1_19' title='bbox 564 793 635 842; x_wconf 87' lang='lat' dir='ltr'>nec</span> <span class='ocrx_word' id='word_1_20' title='bbox 652 767 759 842; x_wconf 91' lang='lat' dir='ltr'>olivis</span> <span class='ocrx_word' id='word_1_21' title='bbox 777 778 866 865; x_wconf 90' lang='lat' dir='ltr'>apta</span> <span class='ocrx_word' id='word_1_22' title='bbox 882 766 1063 853; x_wconf 85' lang='lat' dir='ltr'>serendis,</span> 
     </span>
     <span class='ocr_line' id='line_1_5' title="bbox 221 884 1029 982; baseline -0.004 -25"><span class='ocrx_word' id='word_1_23' title='bbox 221 884 348 972; x_wconf 88' lang='lat' dir='ltr'>Terra,</span> <span class='ocrx_word' id='word_1_24' title='bbox 368 885 436 958; x_wconf 87' lang='lat' dir='ltr'>sed</span> <span class='ocrx_word' id='word_1_25' title='bbox 456 886 504 959; x_wconf 93' lang='lat' dir='ltr'>ad</span> <span class='ocrx_word' id='word_1_26' title='bbox 522 898 672 982; x_wconf 83' lang='lat' dir='ltr'>segetes</span> <span class='ocrx_word' id='word_1_27' title='bbox 690 885 906 980; x_wconf 87' lang='lat' dir='ltr'>ingeniosus</span> <span class='ocrx_word' id='word_1_28' title='bbox 924 906 1029 979; x_wconf 87' lang='lat' dir='ltr'>ager.</span> 
     </span>
    </p>

    <p class='ocr_par' dir='ltr' id='par_1_4' title="bbox 173 998 1208 1210">
     <span class='ocr_line' id='line_1_6' title="bbox 173 998 1208 1097; baseline -0.003 -23"><span class='ocrx_word' id='word_1_29' title='bbox 173 999 258 1074; x_wconf 88' lang='lat' dir='ltr'>Hac</span> <span class='ocrx_word' id='word_1_30' title='bbox 276 1024 348 1097; x_wconf 88' lang='lat' dir='ltr'>ego</span> <span class='ocrx_word' id='word_1_31' title='bbox 367 1000 558 1096; x_wconf 90' lang='lat' dir='ltr'>Pelignos,</span> <span class='ocrx_word' id='word_1_32' title='bbox 578 999 718 1073; x_wconf 90' lang='lat' dir='ltr'>natalia</span> <span class='ocrx_word' id='word_1_33' title='bbox 735 1022 832 1083; x_wconf 88' lang='lat' dir='ltr'>rura,</span> <span class='ocrx_word' id='word_1_34' title='bbox 852 998 1044 1095; x_wconf 88' lang='lat' dir='ltr'>petebam,</span> <span class='ocrx_word' id='word_1_35' title='bbox 1146 1000 1208 1071; x_wconf 84' lang='lat'>685</span> 
     </span>
     <span class='ocr_line' id='line_1_7' title="bbox 224 1113 1108 1210; baseline -0.005 -21"><span class='ocrx_word' id='word_1_36' title='bbox 224 1116 357 1202; x_wconf 91' lang='lat' dir='ltr'>Parva,</span> <span class='ocrx_word' id='word_1_37' title='bbox 377 1117 445 1189; x_wconf 92' lang='lat' dir='ltr'>sed</span> <span class='ocrx_word' id='word_1_38' title='bbox 464 1116 625 1189; x_wconf 86' lang='lat' dir='ltr'>assiduis</span> <span class='ocrx_word' id='word_1_39' title='bbox 646 1114 801 1187; x_wconf 90' lang='lat' dir='ltr'>humida</span> <span class='ocrx_word' id='word_1_40' title='bbox 815 1137 965 1210; x_wconf 86' lang='lat' dir='ltr'>semper</span> <span class='ocrx_word' id='word_1_41' title='bbox 981 1113 1108 1210; x_wconf 90' lang='lat' dir='ltr'>aquis.</span> 
     </span>
    </p>

    <p class='ocr_par' dir='ltr' id='par_1_5' title="bbox 176 1229 1139 1442">
     <span class='ocr_line' id='line_1_8' title="bbox 176 1229 1037 1330; baseline -0.003 -25"><span class='ocrx_word' id='word_1_42' title='bbox 176 1231 347 1330; x_wconf 88' lang='lat' dir='ltr'>Hospitis</span> <span class='ocrx_word' id='word_1_43' title='bbox 365 1231 510 1328; x_wconf 88' lang='lat' dir='ltr'>antiqui</span> <span class='ocrx_word' id='word_1_44' title='bbox 528 1232 658 1305; x_wconf 89' lang='lat' dir='ltr'>solitas</span> <span class='ocrx_word' id='word_1_45' title='bbox 676 1230 895 1304; x_wconf 86' lang='lat' dir='ltr'>intravimus</span> <span class='ocrx_word' id='word_1_46' title='bbox 912 1229 1037 1302; x_wconf 84' lang='lat' dir='ltr'>aedes:</span> 
     </span>
     <span class='ocr_line' id='line_1_9' title="bbox 226 1342 1139 1442; baseline -0.004 -22"><span class='ocrx_word' id='word_1_47' title='bbox 226 1347 426 1420; x_wconf 88' lang='lat' dir='ltr'>Demserat</span> <span class='ocrx_word' id='word_1_48' title='bbox 443 1346 608 1419; x_wconf 89' lang='lat' dir='ltr'>emeritis</span> <span class='ocrx_word' id='word_1_49' title='bbox 621 1347 701 1442; x_wconf 88' lang='lat' dir='ltr'>jam</span> <span class='ocrx_word' id='word_1_50' title='bbox 714 1347 810 1441; x_wconf 88' lang='lat' dir='ltr'>juga</span> <span class='ocrx_word' id='word_1_51' title='bbox 827 1342 997 1416; x_wconf 86' lang='lat' dir='ltr'>Phoebus</span> <span class='ocrx_word' id='word_1_52' title='bbox 1015 1345 1139 1441; x_wconf 88' lang='lat' dir='ltr'>equis.</span> 
     </span>
    </p>

    <p class='ocr_par' dir='ltr' id='par_1_6' title="bbox 176 1459 1213 1672">
     <span class='ocr_line' id='line_1_10' title="bbox 176 1459 1212 1557; baseline -0.004 -23"><span class='ocrx_word' id='word_1_53' title='bbox 176 1461 216 1535; x_wconf 88' lang='lat' dir='ltr'>Is</span> <span class='ocrx_word' id='word_1_54' title='bbox 233 1463 324 1534; x_wconf 92' lang='lat' dir='ltr'>mihi</span> <span class='ocrx_word' id='word_1_55' title='bbox 343 1463 462 1534; x_wconf 90' lang='lat' dir='ltr'>multa</span> <span class='ocrx_word' id='word_1_56' title='bbox 475 1460 642 1557; x_wconf 90' lang='lat' dir='ltr'>quidem,</span> <span class='ocrx_word' id='word_1_57' title='bbox 659 1462 726 1534; x_wconf 90' lang='lat' dir='ltr'>sed</span> <span class='ocrx_word' id='word_1_58' title='bbox 744 1473 783 1534; x_wconf 91' lang='lat' dir='ltr'>et</span> <span class='ocrx_word' id='word_1_59' title='bbox 799 1462 879 1533; x_wconf 87' lang='lat' dir='ltr'>haec</span> <span class='ocrx_word' id='word_1_60' title='bbox 893 1484 1046 1534; x_wconf 86' lang='lat' dir='ltr'>narrare</span> <span class='ocrx_word' id='word_1_61' title='bbox 1064 1459 1212 1542; x_wconf 84' lang='lat' dir='ltr'>solebat,</span> 
     </span>
     <span class='ocr_line' id='line_1_11' title="bbox 227 1576 1213 1672; baseline -0.002 -24"><span class='ocrx_word' id='word_1_62' title='bbox 227 1576 339 1650; x_wconf 90' lang='lat' dir='ltr'>Unde</span> <span class='ocrx_word' id='word_1_63' title='bbox 358 1600 483 1648; x_wconf 90' lang='lat' dir='ltr'>meum</span> <span class='ocrx_word' id='word_1_64' title='bbox 501 1599 668 1671; x_wconf 88' lang='lat' dir='ltr'>praesens</span> <span class='ocrx_word' id='word_1_65' title='bbox 687 1577 932 1648; x_wconf 89' lang='lat' dir='ltr'>instrueretur</span> <span class='ocrx_word' id='word_1_66' title='bbox 949 1598 1070 1672; x_wconf 88' lang='lat' dir='ltr'>opus:</span> <span class='ocrx_word' id='word_1_67' title='bbox 1150 1579 1213 1646; x_wconf 88' lang='grc'>690</span> 
     </span>
    </p>

    <p class='ocr_par' dir='ltr' id='par_1_7' title="bbox 176 1689 1215 1904">
     <span class='ocr_line' id='line_1_12' title="bbox 176 1689 1215 1789; baseline -0.003 -27"><span class='ocrx_word' id='word_1_68' title='bbox 176 1690 274 1777; x_wconf 87' lang='lat' dir='ltr'>Hoc,</span> <span class='ocrx_word' id='word_1_69' title='bbox 294 1691 357 1776; x_wconf 87' lang='lat' dir='ltr'>ait,</span> <span class='ocrx_word' id='word_1_70' title='bbox 374 1693 411 1764; x_wconf 92' lang='lat' dir='ltr'>in</span> <span class='ocrx_word' id='word_1_71' title='bbox 430 1715 577 1788; x_wconf 84' lang='lat' dir='ltr'>campo,</span> <span class='ocrx_word' id='word_1_72' title='bbox 594 1715 846 1789; x_wconf 89' lang='lat' dir='ltr'>campumque</span> <span class='ocrx_word' id='word_1_73' title='bbox 863 1689 1043 1774; x_wconf 87' lang='lat' dir='ltr'>ostendit,</span> <span class='ocrx_word' id='word_1_74' title='bbox 1061 1690 1215 1762; x_wconf 88' lang='lat' dir='ltr'>habebat</span> 
     </span>
     <span class='ocr_line' id='line_1_13' title="bbox 226 1806 1041 1904; baseline -0.002 -26"><span class='ocrx_word' id='word_1_75' title='bbox 226 1806 308 1879; x_wconf 90' lang='lat' dir='ltr'>Rus</span> <span class='ocrx_word' id='word_1_76' title='bbox 325 1808 437 1880; x_wconf 92' lang='lat' dir='ltr'>breve</span> <span class='ocrx_word' id='word_1_77' title='bbox 456 1831 542 1880; x_wconf 89' lang='lat' dir='ltr'>curn</span> <span class='ocrx_word' id='word_1_78' title='bbox 561 1808 653 1880; x_wconf 94' lang='lat' dir='ltr'>duro</span> <span class='ocrx_word' id='word_1_79' title='bbox 673 1831 785 1904; x_wconf 88' lang='lat' dir='ltr'>parca</span> <span class='ocrx_word' id='word_1_80' title='bbox 801 1806 935 1878; x_wconf 88' lang='lat' dir='ltr'>colona</span> <span class='ocrx_word' id='word_1_81' title='bbox 952 1806 1041 1877; x_wconf 91' lang='lat' dir='ltr'>viro.</span> 
     </span>
    </p>
   </div>
   <div class='ocr_carea' id='block_1_4' title="bbox 178 1921 1215 2364">
    <p class='ocr_par' dir='ltr' id='par_1_8' title="bbox 178 1921 1149 2121">
     <span class='ocr_line' id='line_1_14' title="bbox 178 1921 1149 2020; baseline -0.001 -25"><span class='ocrx_word' id='word_1_82' title='bbox 178 1922 249 1995; x_wconf 90' lang='lat' dir='ltr'>Ille</span> <span class='ocrx_word' id='word_1_83' title='bbox 267 1946 373 1996; x_wconf 86' lang='lat' dir='ltr'>suam</span> <span class='ocrx_word' id='word_1_84' title='bbox 392 1924 598 2020; x_wconf 85' lang='lat' dir='ltr'>peragebat</span> <span class='ocrx_word' id='word_1_85' title='bbox 615 1924 792 1996; x_wconf 90' lang='lat' dir='ltr'>humum:</span> <span class='ocrx_word' id='word_1_86' title='bbox 814 1922 892 1995; x_wconf 88' lang='lat' dir='ltr'>sive</span> <span class='ocrx_word' id='word_1_87' title='bbox 910 1945 1003 1994; x_wconf 90' lang='lat' dir='ltr'>usus</span> <span class='ocrx_word' id='word_1_88' title='bbox 1020 1921 1149 2006; x_wconf 88' lang='lat' dir='ltr'>aratri,</span> 
     </span>
     <span class='ocr_line' id='line_1_15' title="bbox 229 2036 962 2121; baseline -0.001 -13"><span class='ocrx_word' id='word_1_89' title='bbox 229 2036 316 2110; x_wconf 87' lang='lat' dir='ltr'>Sive</span> <span class='ocrx_word' id='word_1_90' title='bbox 335 2061 435 2110; x_wconf 86' lang='lat' dir='ltr'>cavae</span> <span class='ocrx_word' id='word_1_91' title='bbox 453 2037 572 2121; x_wconf 83' lang='lat' dir='ltr'>lalcis,</span> <span class='ocrx_word' id='word_1_92' title='bbox 592 2038 670 2109; x_wconf 88' lang='lat' dir='ltr'>sive</span> <span class='ocrx_word' id='word_1_93' title='bbox 688 2036 852 2109; x_wconf 90' lang='lat' dir='ltr'>bidentis</span> <span class='ocrx_word' id='word_1_94' title='bbox 870 2047 962 2108; x_wconf 82' lang='lat' dir='ltr'>erat.</span> 
     </span>
    </p>

    <p class='ocr_par' dir='ltr' id='par_1_9' title="bbox 178 2150 1215 2364">
     <span class='ocr_line' id='line_1_16' title="bbox 178 2150 1215 2239; baseline -0.003 -15"><span class='ocrx_word' id='word_1_95' title='bbox 178 2150 271 2225; x_wconf 88' lang='lat' dir='ltr'>Haec</span> <span class='ocrx_word' id='word_1_96' title='bbox 290 2152 402 2225; x_wconf 90' lang='lat' dir='ltr'>modo</span> <span class='ocrx_word' id='word_1_97' title='bbox 419 2154 591 2226; x_wconf 89' lang='lat' dir='ltr'>verrebat</span> <span class='ocrx_word' id='word_1_98' title='bbox 605 2162 769 2225; x_wconf 90' lang='lat' dir='ltr'>stantem</span> <span class='ocrx_word' id='word_1_99' title='bbox 787 2151 942 2223; x_wconf 90' lang='lat' dir='ltr'>tibicine</span> <span class='ocrx_word' id='word_1_100' title='bbox 960 2150 1089 2223; x_wconf 92' lang='lat' dir='ltr'>villam</span> <span class='ocrx_word' id='word_1_101' title='bbox 1104 2178 1113 2239; x_wconf 91' lang='lat'>;</span> <span class='ocrx_word' id='word_1_102' title='bbox 1151 2152 1215 2222; x_wconf 80' lang='lat'>695</span> 
     </span>
     <span class='ocr_line' id='line_1_17' title="bbox 228 2265 1060 2364; baseline -0.001 -25"><span class='ocrx_word' id='word_1_103' title='bbox 228 2267 338 2339; x_wconf 89' lang='lat' dir='ltr'>Nunc</span> <span class='ocrx_word' id='word_1_104' title='bbox 357 2269 486 2340; x_wconf 88' lang='lat' dir='ltr'>matris</span> <span class='ocrx_word' id='word_1_105' title='bbox 505 2267 643 2364; x_wconf 90' lang='lat' dir='ltr'>plumis</span> <span class='ocrx_word' id='word_1_106' title='bbox 661 2290 731 2339; x_wconf 90' lang='lat' dir='ltr'>ova</span> <span class='ocrx_word' id='word_1_107' title='bbox 747 2265 906 2338; x_wconf 79' lang='lat' dir='ltr'>fovenda</span> <span class='ocrx_word' id='word_1_108' title='bbox 921 2265 1060 2338; x_wconf 88' lang='lat' dir='ltr'>dabat:</span> 
     </span>
    </p>
   </div>
   <div class='ocr_carea' id='block_1_5' title="bbox 175 2475 1229 4231">
    <p class='ocr_par' dir='ltr' id='par_1_10' title="bbox 175 2475 1223 3863">
     <span class='ocr_line' id='line_1_18' title="bbox 207 2475 1214 2543; baseline -0.005 -16"><span class='ocrx_word' id='word_1_109' title='bbox 207 2479 266 2527; x_wconf 78' lang='grc'><strong>683.</strong></span> <span class='ocrx_word' id='word_1_110' title='bbox 285 2477 318 2527; x_wconf 89' lang='lat' dir='ltr'>Ut</span> <span class='ocrx_word' id='word_1_111' title='bbox 328 2493 404 2526; x_wconf 87' lang='lat' dir='ltr'>rernm</span> <span class='ocrx_word' id='word_1_112' title='bbox 418 2478 550 2541; x_wconf 82' lang='lat' dir='ltr'>graviomm</span> <span class='ocrx_word' id='word_1_113' title='bbox 564 2495 675 2528; x_wconf 78' lang='lat' dir='ltr'>causare</span> <span class='ocrx_word' id='word_1_114' title='bbox 728 2481 832 2537; x_wconf 81' lang='lat' dir='ltr'>Emertri,</span> <span class='ocrx_word' id='word_1_115' title='bbox 845 2479 888 2543; x_wconf 91' lang='lat' dir='ltr'>qni</span> <span class='ocrx_word' id='word_1_116' title='bbox 906 2493 1001 2527; x_wconf 85' lang='lat' dir='ltr'>cursum</span> <span class='ocrx_word' id='word_1_117' title='bbox 1015 2478 1128 2527; x_wconf 84' lang='lat' dir='ltr'>diurnum</span> <span class='ocrx_word' id='word_1_118' title='bbox 1147 2475 1214 2526; x_wconf 85' lang='lat' dir='ltr'>absol·</span> 
     </span>
     <span class='ocr_line' id='line_1_19' title="bbox 176 2550 1216 2614; baseline 0.003 -14"><span class='ocrx_word' id='word_1_119' title='bbox 176 2551 239 2607; x_wconf 85' lang='lat' dir='ltr'>Diis,</span> <span class='ocrx_word' id='word_1_120' title='bbox 250 2550 284 2599; x_wconf 85' lang='lat' dir='ltr'>sic</span> <span class='ocrx_word' id='word_1_121' title='bbox 299 2552 375 2599; x_wconf 83' lang='lat' dir='ltr'>lesem</span> <span class='ocrx_word' id='word_1_122' title='bbox 389 2551 450 2599; x_wconf 80' lang='lat' dir='ltr'>lianc</span> <span class='ocrx_word' id='word_1_123' title='bbox 466 2551 577 2600; x_wconf 81' lang='lat' dir='ltr'>fabellam</span> <span class='ocrx_word' id='word_1_124' title='bbox 594 2569 609 2600; x_wconf 92' lang='lat' dir='ltr'>a</span> <span class='ocrx_word' id='word_1_125' title='bbox 625 2570 676 2601; x_wconf 88' lang='lat' dir='ltr'>rus·</span> <span class='ocrx_word' id='word_1_126' title='bbox 726 2562 825 2603; x_wconf 84' lang='lat' dir='ltr'>rerunt:</span> <span class='ocrx_word' id='word_1_127' title='bbox 838 2553 902 2602; x_wconf 87' lang='lat' dir='ltr'>conl.</span> <span class='ocrx_word' id='word_1_128' title='bbox 914 2552 949 2600; x_wconf 91' lang='lat' dir='ltr'>iii.</span> <span class='ocrx_word' id='word_1_129' title='bbox 959 2553 1001 2600; x_wconf 80' lang='grc'>43.</span> <span class='ocrx_word' id='word_1_130' title='bbox 1035 2552 1216 2614; x_wconf 62' lang='lat' dir='ltr'>Mareotides.</span> 
     </span>
     <span class='ocr_line' id='line_1_20' title="bbox 175 2623 1216 2686; baseline 0.003 -13"><span class='ocrx_word' id='word_1_131' title='bbox 175 2625 223 2673; x_wconf 84' lang='lat' dir='ltr'>tion</span> <span class='ocrx_word' id='word_1_132' title='bbox 244 2623 387 2673; x_wconf 82' lang='lat' dir='ltr'>Carseolano</span> <span class='ocrx_word' id='word_1_133' title='bbox 404 2623 449 2672; x_wconf 85' lang='lat' dir='ltr'>sibi</span> <span class='ocrx_word' id='word_1_134' title='bbox 471 2624 582 2673; x_wconf 83' lang='lat' dir='ltr'>traditam</span> <span class='ocrx_word' id='word_1_135' title='bbox 600 2628 674 2675; x_wconf 86' lang='lat' dir='ltr'>varie·</span> <span class='ocrx_word' id='word_1_136' title='bbox 725 2632 762 2676; x_wconf 82' lang='lat' dir='ltr'>red</span> <span class='ocrx_word' id='word_1_137' title='bbox 773 2637 795 2676; x_wconf 84' lang='lat' dir='ltr'>et</span> <span class='ocrx_word' id='word_1_138' title='bbox 806 2629 867 2686; x_wconf 79' lang='lat' dir='ltr'>laee;</span> <span class='ocrx_word' id='word_1_139' title='bbox 886 2628 971 2676; x_wconf 81' lang='lat' dir='ltr'>Greco</span> <span class='ocrx_word' id='word_1_140' title='bbox 986 2641 1060 2680; x_wconf 88' lang='lat' dir='ltr'>more,</span> <span class='ocrx_word' id='word_1_141' title='bbox 1071 2641 1127 2674; x_wconf 85' lang='lat' dir='ltr'>cnm</span> <span class='ocrx_word' id='word_1_142' title='bbox 1142 2625 1216 2676; x_wconf 75' lang='lat' dir='ltr'>mutu.</span> 
     </span>
     <span class='ocr_line' id='line_1_21' title="bbox 175 2698 1217 2762; baseline 0.003 -16"><span class='ocrx_word' id='word_1_143' title='bbox 175 2698 232 2747; x_wconf 83' lang='lat' dir='ltr'>tatis</span> <span class='ocrx_word' id='word_1_144' title='bbox 249 2712 321 2746; x_wconf 82' lang='lat' dir='ltr'>causa</span> <span class='ocrx_word' id='word_1_145' title='bbox 339 2698 414 2762; x_wconf 88' lang='lat' dir='ltr'>lingit.</span> <span class='ocrx_word' id='word_1_146' title='bbox 448 2698 547 2746; x_wconf 75' lang='lat' dir='ltr'>Carseoli</span> <span class='ocrx_word' id='word_1_147' title='bbox 566 2700 596 2747; x_wconf 86' lang='lat' dir='ltr'>ad</span> <span class='ocrx_word' id='word_1_148' title='bbox 613 2701 674 2748; x_wconf 90' lang='lat' dir='ltr'>viam</span> <span class='ocrx_word' id='word_1_149' title='bbox 726 2712 776 2749; x_wconf 91' lang='lat' dir='ltr'>tum</span> <span class='ocrx_word' id='word_1_150' title='bbox 792 2703 852 2750; x_wconf 68' lang='lat' dir='ltr'>haec.</span> <span class='ocrx_word' id='word_1_151' title='bbox 887 2702 1055 2755; x_wconf 81' lang='lat' dir='ltr'>lmtrueretur,</span> <span class='ocrx_word' id='word_1_152' title='bbox 1066 2707 1217 2748; x_wconf 83' lang='lat' dir='ltr'>exornaretur.</span> 
     </span>
     <span class='ocr_line' id='line_1_22' title="bbox 176 2771 1216 2838; baseline -0.001 -20"><span class='ocrx_word' id='word_1_153' title='bbox 176 2771 305 2826; x_wconf 84' lang='lat' dir='ltr'>Valeriam,</span> <span class='ocrx_word' id='word_1_154' title='bbox 329 2787 382 2835; x_wconf 78' lang='lat' dir='ltr'>quai</span> <span class='ocrx_word' id='word_1_155' title='bbox 410 2771 487 2819; x_wconf 89' lang='lat' dir='ltr'>Roma</span> <span class='ocrx_word' id='word_1_156' title='bbox 514 2772 618 2820; x_wconf 82' lang='lat' dir='ltr'>ducebat</span> <span class='ocrx_word' id='word_1_157' title='bbox 646 2773 676 2821; x_wconf 85' lang='lat' dir='ltr'>ad</span> <span class='ocrx_word' id='word_1_158' title='bbox 727 2785 859 2838; x_wconf 85' lang='lat' dir='ltr'>augeretur.</span> <span class='ocrx_word' id='word_1_159' title='bbox 892 2774 1105 2836; x_wconf 77' lang='lat' dir='ltr'>Breve,exiguum.</span> <span class='ocrx_word' id='word_1_160' title='bbox 1135 2773 1216 2824; x_wconf 78' lang='lat' dir='ltr'>Durus,</span> 
     </span>
     <span class='ocr_line' id='line_1_23' title="bbox 177 2844 1218 2912; baseline 0.001 -22"><span class='ocrx_word' id='word_1_161' title='bbox 177 2844 298 2908; x_wconf 82' lang='lat' dir='ltr'>Pelignus.</span> <span class='ocrx_word' id='word_1_162' title='bbox 324 2844 408 2892; x_wconf 86' lang='lat' dir='ltr'>Heius.</span> <span class='ocrx_word' id='word_1_163' title='bbox 427 2861 441 2892; x_wconf 90' lang='lat' dir='ltr'>e</span> <span class='ocrx_word' id='word_1_164' title='bbox 458 2846 594 2909; x_wconf 85' lang='lat' dir='ltr'>conjectura</span> <span class='ocrx_word' id='word_1_165' title='bbox 611 2845 678 2894; x_wconf 89' lang='lat' dir='ltr'>dedit</span> <span class='ocrx_word' id='word_1_166' title='bbox 727 2849 847 2895; x_wconf 85' lang='lat' dir='ltr'>laboribus</span> <span class='ocrx_word' id='word_1_167' title='bbox 863 2845 1006 2912; x_wconf 74' lang='lat' dir='ltr'>perferendis</span> <span class='ocrx_word' id='word_1_168' title='bbox 1022 2847 1154 2901; x_wconf 80' lang='lat' dir='ltr'>adsuetns3</span> <span class='ocrx_word' id='word_1_169' title='bbox 1172 2846 1218 2891; x_wconf 81' lang='lat' dir='ltr'>lle·</span> 
     </span>
     <span class='ocr_line' id='line_1_24' title="bbox 179 2917 1218 2983; baseline -0.002 -19"><span class='ocrx_word' id='word_1_170' title='bbox 179 2917 286 2973; x_wconf 79' lang='lat' dir='ltr'>Carseoli,</span> <span class='ocrx_word' id='word_1_171' title='bbox 297 2930 323 2966; x_wconf 92' lang='lat' dir='ltr'>ut</span> <span class='ocrx_word' id='word_1_172' title='bbox 340 2928 401 2966; x_wconf 85' lang='lat' dir='ltr'>esset</span> <span class='ocrx_word' id='word_1_173' title='bbox 412 2918 535 2983; x_wconf 88' lang='lat' dir='ltr'>appositio.</span> <span class='ocrx_word' id='word_1_174' title='bbox 563 2919 642 2967; x_wconf 81' lang='lat' dir='ltr'>Etiam</span> <span class='ocrx_word' id='word_1_175' title='bbox 654 2920 677 2966; x_wconf 94' lang='lat' dir='ltr'>in</span> <span class='ocrx_word' id='word_1_176' title='bbox 727 2921 968 2969; x_wconf 77' lang='lat' dir='ltr'>ram.xii.515.duri</span> <span class='ocrx_word' id='word_1_177' title='bbox 984 2921 1081 2966; x_wconf 81' lang='lat' dir='ltr'>humeri.</span> <span class='ocrx_word' id='word_1_178' title='bbox 1114 2918 1154 2966; x_wconf 86' lang='lat' dir='ltr'>Sic</span> <span class='ocrx_word' id='word_1_179' title='bbox 1171 2919 1218 2963; x_wconf 80' lang='lat' dir='ltr'>deri</span> 
     </span>
     <span class='ocr_line' id='line_1_25' title="bbox 175 2988 1220 3057; baseline -0.002 -20"><span class='ocrx_word' id='word_1_180' title='bbox 175 2991 258 3040; x_wconf 85' lang='lat' dir='ltr'>Tuscis</span> <span class='ocrx_word' id='word_1_181' title='bbox 281 2991 396 3040; x_wconf 84' lang='lat' dir='ltr'>&#39;‘coeluru</span> <span class='ocrx_word' id='word_1_182' title='bbox 423 2992 498 3039; x_wconf 87' lang='lat' dir='ltr'>hieme</span> <span class='ocrx_word' id='word_1_183' title='bbox 521 2991 631 3054; x_wconf 82' lang='lat' dir='ltr'>frigidum</span> <span class='ocrx_word' id='word_1_184' title='bbox 654 3001 678 3039; x_wconf 92' lang='lat' dir='ltr'>et</span> <span class='ocrx_word' id='word_1_185' title='bbox 727 2994 1021 3057; x_wconf 78' lang='lat' dir='ltr'>messores,jureuci,etc.</span> <span class='ocrx_word' id='word_1_186' title='bbox 1055 2992 1132 3038; x_wconf 77' lang='lat' dir='ltr'>Grata</span> <span class='ocrx_word' id='word_1_187' title='bbox 1148 2988 1220 3054; x_wconf 85' lang='lat' dir='ltr'>sequi·</span> 
     </span>
     <span class='ocr_line' id='line_1_26' title="bbox 175 3065 1220 3129; baseline -0.004 -16"><span class='ocrx_word' id='word_1_188' title='bbox 175 3065 280 3128; x_wconf 85' lang='lat' dir='ltr'>gelidum</span> <span class='ocrx_word' id='word_1_189' title='bbox 299 3074 387 3129; x_wconf 87' lang='lat' dir='ltr'>myrtos</span> <span class='ocrx_word' id='word_1_190' title='bbox 408 3074 432 3112; x_wconf 85' lang='lat' dir='ltr'>et</span> <span class='ocrx_word' id='word_1_191' title='bbox 446 3065 510 3113; x_wconf 86' lang='lat' dir='ltr'>oleas</span> <span class='ocrx_word' id='word_1_192' title='bbox 525 3066 679 3129; x_wconf 86' lang='lat' dir='ltr'>adspernatur</span> <span class='ocrx_word' id='word_1_193' title='bbox 729 3077 765 3114; x_wconf 90' lang='lat' dir='ltr'>tur</span> <span class='ocrx_word' id='word_1_194' title='bbox 783 3066 860 3129; x_wconf 82' lang='lat' dir='ltr'>imago</span> <span class='ocrx_word' id='word_1_195' title='bbox 876 3065 996 3128; x_wconf 87' lang='lat' dir='ltr'>diligentis</span> <span class='ocrx_word' id='word_1_196' title='bbox 1012 3074 1036 3113; x_wconf 95' lang='lat' dir='ltr'>et</span> <span class='ocrx_word' id='word_1_197' title='bbox 1053 3065 1133 3113; x_wconf 85' lang='lat' dir='ltr'>coloni</span> <span class='ocrx_word' id='word_1_198' title='bbox 1147 3073 1171 3112; x_wconf 82' lang='lat' dir='ltr'>et</span> <span class='ocrx_word' id='word_1_199' title='bbox 1187 3078 1220 3109; x_wconf 85' lang='lat' dir='ltr'>co·</span> 
     </span>
     <span class='ocr_line' id='line_1_27' title="bbox 177 3137 1220 3204; baseline -0.003 -18"><span class='ocrx_word' id='word_1_200' title='bbox 177 3154 204 3186; x_wconf 87' lang='lat' dir='ltr'>ac</span> <span class='ocrx_word' id='word_1_201' title='bbox 226 3139 313 3204; x_wconf 88' lang='lat' dir='ltr'>respuit</span> <span class='ocrx_word' id='word_1_202' title='bbox 323 3139 346 3199; x_wconf 84' lang='lat'>;”</span> <span class='ocrx_word' id='word_1_203' title='bbox 366 3137 466 3192; x_wconf 84' lang='lat' dir='ltr'>Plinius,</span> <span class='ocrx_word' id='word_1_204' title='bbox 486 3139 516 3186; x_wconf 85' lang='lat' dir='ltr'>V.</span> <span class='ocrx_word' id='word_1_205' title='bbox 539 3139 583 3202; x_wconf 87' lang='lat' dir='ltr'>Ep.</span> <span class='ocrx_word' id='word_1_206' title='bbox 601 3139 632 3185; x_wconf 91' lang='lat' dir='ltr'>vi.</span> <span class='ocrx_word' id='word_1_207' title='bbox 650 3141 675 3185; x_wconf 81' lang='lat'>4.</span> <span class='ocrx_word' id='word_1_208' title='bbox 729 3139 797 3189; x_wconf 74' lang='lat' dir='ltr'>lonae.</span> <span class='ocrx_word' id='word_1_209' title='bbox 844 3140 956 3203; x_wconf 81' lang='lat' dir='ltr'>Perugsre</span> <span class='ocrx_word' id='word_1_210' title='bbox 978 3140 1072 3187; x_wconf 73' lang='lat' dir='ltr'>lumime</span> <span class='ocrx_word' id='word_1_211' title='bbox 1097 3137 1155 3184; x_wconf 91' lang='lat' dir='ltr'>mibi</span> <span class='ocrx_word' id='word_1_212' title='bbox 1181 3151 1220 3184; x_wconf 86' lang='lat' dir='ltr'>nor</span> 
     </span>
     <span class='ocr_line' id='line_1_28' title="bbox 178 3211 1220 3277; baseline -0.004 -17"><span class='ocrx_word' id='word_1_213' title='bbox 178 3212 299 3277; x_wconf 79' lang='lat' dir='ltr'>Ingenium</span> <span class='ocrx_word' id='word_1_214' title='bbox 321 3228 384 3277; x_wconf 83' lang='lat' dir='ltr'>saepe</span> <span class='ocrx_word' id='word_1_215' title='bbox 401 3212 432 3259; x_wconf 86' lang='lat' dir='ltr'>de</span> <span class='ocrx_word' id='word_1_216' title='bbox 454 3221 538 3259; x_wconf 87' lang='lat' dir='ltr'>natura</span> <span class='ocrx_word' id='word_1_217' title='bbox 556 3221 580 3258; x_wconf 88' lang='lat' dir='ltr'>et</span> <span class='ocrx_word' id='word_1_218' title='bbox 597 3212 676 3260; x_wconf 84' lang='lat' dir='ltr'>indole</span> <span class='ocrx_word' id='word_1_219' title='bbox 727 3213 784 3260; x_wconf 88' lang='lat' dir='ltr'>satis</span> <span class='ocrx_word' id='word_1_220' title='bbox 803 3214 898 3277; x_wconf 70' lang='lat' dir='ltr'>placet,</span> <span class='ocrx_word' id='word_1_221' title='bbox 916 3213 988 3260; x_wconf 91' lang='lat' dir='ltr'>codd.</span> <span class='ocrx_word' id='word_1_222' title='bbox 1007 3220 1088 3259; x_wconf 87' lang='lat' dir='ltr'>tamen</span> <span class='ocrx_word' id='word_1_223' title='bbox 1111 3211 1169 3258; x_wconf 89' lang='lat' dir='ltr'>nibil</span> <span class='ocrx_word' id='word_1_224' title='bbox 1185 3225 1220 3256; x_wconf 87' lang='lat' dir='ltr'>vr·</span> 
     </span>
     <span class='ocr_line' id='line_1_29' title="bbox 177 3285 1221 3350; baseline -0.003 -18"><span class='ocrx_word' id='word_1_225' title='bbox 177 3287 346 3350; x_wconf 86' lang='lat' dir='ltr'>cujuscumque</span> <span class='ocrx_word' id='word_1_226' title='bbox 365 3285 413 3345; x_wconf 87' lang='lat' dir='ltr'>rei;</span> <span class='ocrx_word' id='word_1_227' title='bbox 437 3301 498 3333; x_wconf 89' lang='lat' dir='ltr'>nunc</span> <span class='ocrx_word' id='word_1_228' title='bbox 518 3296 595 3333; x_wconf 86' lang='lat' dir='ltr'>tamen</span> <span class='ocrx_word' id='word_1_229' title='bbox 616 3301 676 3332; x_wconf 89' lang='lat' dir='ltr'>nove</span> <span class='ocrx_word' id='word_1_230' title='bbox 727 3287 817 3333; x_wconf 86' lang='lat' dir='ltr'>rietatis</span> <span class='ocrx_word' id='word_1_231' title='bbox 836 3286 997 3349; x_wconf 83' lang='lat' dir='ltr'>suppeditant.</span> <span class='ocrx_word' id='word_1_232' title='bbox 1031 3285 1084 3331; x_wconf 78' lang='lat' dir='ltr'>Sica</span> <span class='ocrx_word' id='word_1_233' title='bbox 1102 3301 1164 3336; x_wconf 78' lang='lat' dir='ltr'>usur,</span> <span class='ocrx_word' id='word_1_234' title='bbox 1180 3294 1221 3330; x_wconf 83' lang='lat' dir='ltr'>etc.</span> 
     </span>
     <span class='ocr_line' id='line_1_30' title="bbox 176 3357 1221 3423; baseline -0.003 -19"><span class='ocrx_word' id='word_1_235' title='bbox 176 3360 313 3423; x_wconf 76' lang='lat' dir='ltr'>ingeniosus,</span> <span class='ocrx_word' id='word_1_236' title='bbox 325 3368 409 3406; x_wconf 87' lang='lat' dir='ltr'>natura</span> <span class='ocrx_word' id='word_1_237' title='bbox 424 3374 468 3405; x_wconf 88' lang='lat' dir='ltr'>sna</span> <span class='ocrx_word' id='word_1_238' title='bbox 480 3368 557 3422; x_wconf 79' lang='lat' dir='ltr'>aptus,</span> <span class='ocrx_word' id='word_1_239' title='bbox 568 3360 599 3404; x_wconf 82' lang='lat' dir='ltr'>ud</span> <span class='ocrx_word' id='word_1_240' title='bbox 615 3374 676 3421; x_wconf 80' lang='lat' dir='ltr'>sege·</span> <span class='ocrx_word' id='word_1_241' title='bbox 727 3361 760 3406; x_wconf 90' lang='lat' dir='ltr'>ita</span> <span class='ocrx_word' id='word_1_242' title='bbox 769 3369 795 3406; x_wconf 91' lang='lat' dir='ltr'>ut</span> <span class='ocrx_word' id='word_1_243' title='bbox 806 3375 868 3406; x_wconf 89' lang='lat' dir='ltr'>nune</span> <span class='ocrx_word' id='word_1_244' title='bbox 877 3369 953 3406; x_wconf 89' lang='lat' dir='ltr'>aratro</span> <span class='ocrx_word' id='word_1_245' title='bbox 962 3366 1076 3411; x_wconf 83' lang='lat' dir='ltr'>uteretur,</span> <span class='ocrx_word' id='word_1_246' title='bbox 1084 3374 1147 3404; x_wconf 86' lang='lat' dir='ltr'>nuuc</span> <span class='ocrx_word' id='word_1_247' title='bbox 1159 3357 1221 3404; x_wconf 83' lang='lat' dir='ltr'>lalee.</span> 
     </span>
     <span class='ocr_line' id='line_1_31' title="bbox 178 3430 1220 3494; baseline -0.001 -16"><span class='ocrx_word' id='word_1_248' title='bbox 178 3442 209 3480; x_wconf 81' lang='lat' dir='ltr'>tes</span> <span class='ocrx_word' id='word_1_249' title='bbox 237 3432 352 3480; x_wconf 81' lang='lat' dir='ltr'>serendus.</span> <span class='ocrx_word' id='word_1_250' title='bbox 386 3431 503 3479; x_wconf 75' lang='lat' dir='ltr'>Ceterum</span> <span class='ocrx_word' id='word_1_251' title='bbox 531 3431 581 3478; x_wconf 84' lang='lat' dir='ltr'>brec</span> <span class='ocrx_word' id='word_1_252' title='bbox 610 3439 676 3478; x_wconf 82' lang='lat' dir='ltr'>terras</span> <span class='ocrx_word' id='word_1_253' title='bbox 728 3434 872 3480; x_wconf 79' lang='lat' dir='ltr'>Fulcirusus</span> <span class='ocrx_word' id='word_1_254' title='bbox 887 3441 936 3480; x_wconf 89' lang='lat' dir='ltr'>erat</span> <span class='ocrx_word' id='word_1_255' title='bbox 951 3433 1022 3479; x_wconf 84' lang='lat' dir='ltr'>etiarn</span> <span class='ocrx_word' id='word_1_256' title='bbox 1038 3430 1070 3478; x_wconf 74' lang='lat' dir='ltr'>nd</span> <span class='ocrx_word' id='word_1_257' title='bbox 1087 3431 1220 3494; x_wconf 78' lang='lat' dir='ltr'>premendus</span> 
     </span>
     <span class='ocr_line' id='line_1_32' title="bbox 179 3504 1221 3570; baseline -0.002 -18"><span class='ocrx_word' id='word_1_258' title='bbox 179 3505 327 3553; x_wconf 75' lang='lat' dir='ltr'>Carseolana</span> <span class='ocrx_word' id='word_1_259' title='bbox 342 3505 430 3552; x_wconf 88' lang='lat' dir='ltr'>notatio</span> <span class='ocrx_word' id='word_1_260' title='bbox 445 3504 503 3550; x_wconf 83' lang='lat' dir='ltr'>nilril</span> <span class='ocrx_word' id='word_1_261' title='bbox 518 3504 546 3551; x_wconf 90' lang='lat' dir='ltr'>ad</span> <span class='ocrx_word' id='word_1_262' title='bbox 565 3521 613 3553; x_wconf 89' lang='lat' dir='ltr'>rem</span> <span class='ocrx_word' id='word_1_263' title='bbox 624 3521 677 3568; x_wconf 89' lang='lat' dir='ltr'>per·</span> <span class='ocrx_word' id='word_1_264' title='bbox 728 3508 822 3554; x_wconf 86' lang='lat' dir='ltr'>umbras</span> <span class='ocrx_word' id='word_1_265' title='bbox 833 3506 892 3555; x_wconf 86' lang='lat' dir='ltr'>ruris</span> <span class='ocrx_word' id='word_1_266' title='bbox 903 3504 970 3570; x_wconf 81' lang='lat' dir='ltr'>opaci</span> <span class='ocrx_word' id='word_1_267' title='bbox 982 3523 989 3564; x_wconf 67' lang='grc' dir='ltr'><strong>ς</strong></span> <span class='ocrx_word' id='word_1_268' title='bbox 1009 3504 1097 3567; x_wconf 86' lang='lat' dir='ltr'>Virgil.</span> <span class='ocrx_word' id='word_1_269' title='bbox 1109 3505 1197 3568; x_wconf 86' lang='lat' dir='ltr'>Georg.</span> <span class='ocrx_word' id='word_1_270' title='bbox 1207 3505 1221 3550; x_wconf 91' lang='lat' dir='ltr'>i.</span> 
     </span>
     <span class='ocr_line' id='line_1_33' title="bbox 179 3577 1222 3644; baseline 0.001 -21"><span class='ocrx_word' id='word_1_271' title='bbox 179 3578 246 3633; x_wconf 83' lang='lat' dir='ltr'>tinet,</span> <span class='ocrx_word' id='word_1_272' title='bbox 253 3578 328 3626; x_wconf 89' lang='lat' dir='ltr'>obiter</span> <span class='ocrx_word' id='word_1_273' title='bbox 339 3587 430 3623; x_wconf 87' lang='lat' dir='ltr'>tantum</span> <span class='ocrx_word' id='word_1_274' title='bbox 443 3577 536 3641; x_wconf 87' lang='lat' dir='ltr'>adjecta</span> <span class='ocrx_word' id='word_1_275' title='bbox 545 3587 589 3626; x_wconf 88' lang='lat' dir='ltr'>est.</span> <span class='ocrx_word' id='word_1_276' title='bbox 606 3577 677 3636; x_wconf 82' lang='lat' dir='ltr'>Quod</span> <span class='ocrx_word' id='word_1_277' title='bbox 730 3580 775 3626; x_wconf 81' lang='lat'>155</span> <span class='ocrx_word' id='word_1_278' title='bbox 786 3596 851 3644; x_wconf 84' lang='lat' dir='ltr'>sqq.;</span> <span class='ocrx_word' id='word_1_279' title='bbox 868 3578 931 3626; x_wconf 91' lang='lat' dir='ltr'>unde</span> <span class='ocrx_word' id='word_1_280' title='bbox 948 3587 1054 3643; x_wconf 85' lang='lat' dir='ltr'>apparet,</span> <span class='ocrx_word' id='word_1_281' title='bbox 1071 3578 1172 3626; x_wconf 78' lang='lat' dir='ltr'>describi</span> <span class='ocrx_word' id='word_1_282' title='bbox 1190 3578 1222 3625; x_wconf 86' lang='lat' dir='ltr'>bie</span> 
     </span>
     <span class='ocr_line' id='line_1_34' title="bbox 179 3649 1223 3716; baseline 0.003 -19"><span class='ocrx_word' id='word_1_283' title='bbox 179 3649 243 3697; x_wconf 84' lang='lat' dir='ltr'>valet</span> <span class='ocrx_word' id='word_1_284' title='bbox 257 3651 329 3698; x_wconf 88' lang='lat' dir='ltr'>etiam</span> <span class='ocrx_word' id='word_1_285' title='bbox 352 3650 382 3697; x_wconf 90' lang='lat' dir='ltr'>de</span> <span class='ocrx_word' id='word_1_286' title='bbox 402 3651 512 3715; x_wconf 78' lang='lat' dir='ltr'>Pelignts,</span> <span class='ocrx_word' id='word_1_287' title='bbox 531 3652 571 3715; x_wconf 92' lang='lat' dir='ltr'>qui</span> <span class='ocrx_word' id='word_1_288' title='bbox 594 3653 627 3699; x_wconf 88' lang='lat' dir='ltr'>sic</span> <span class='ocrx_word' id='word_1_289' title='bbox 647 3654 678 3700; x_wconf 88' lang='lat' dir='ltr'>ab</span> <span class='ocrx_word' id='word_1_290' title='bbox 727 3653 932 3716; x_wconf 85' lang='lat' dir='ltr'>diligentissimum</span> <span class='ocrx_word' id='word_1_291' title='bbox 963 3652 1084 3700; x_wconf 89' lang='lat' dir='ltr'>colonum.</span> <span class='ocrx_word' id='word_1_292' title='bbox 1136 3652 1223 3707; x_wconf 68' lang='lat' dir='ltr'>ninus,</span> 
     </span>
     <span class='ocr_line' id='line_1_35' title="bbox 179 3723 1223 3790; baseline 0.003 -20"><span class='ocrx_word' id='word_1_293' title='bbox 179 3739 293 3786; x_wconf 85' lang='lat' dir='ltr'>aquarum</span> <span class='ocrx_word' id='word_1_294' title='bbox 308 3723 447 3771; x_wconf 80' lang='lat' dir='ltr'>salubritate</span> <span class='ocrx_word' id='word_1_295' title='bbox 462 3735 486 3771; x_wconf 89' lang='lat' dir='ltr'>et</span> <span class='ocrx_word' id='word_1_296' title='bbox 500 3724 570 3788; x_wconf 89' lang='lat' dir='ltr'>copia</span> <span class='ocrx_word' id='word_1_297' title='bbox 585 3735 609 3773; x_wconf 88' lang='lat' dir='ltr'>et</span> <span class='ocrx_word' id='word_1_298' title='bbox 621 3725 678 3773; x_wconf 88' lang='lat' dir='ltr'>alibi</span> <span class='ocrx_word' id='word_1_299' title='bbox 728 3736 826 3775; x_wconf 70' lang='lat' dir='ltr'>murum</span> <span class='ocrx_word' id='word_1_300' title='bbox 843 3727 935 3774; x_wconf 85' lang='lat' dir='ltr'>duobus</span> <span class='ocrx_word' id='word_1_301' title='bbox 951 3725 1073 3780; x_wconf 83' lang='lat' dir='ltr'>dentibus,</span> <span class='ocrx_word' id='word_1_302' title='bbox 1087 3741 1135 3789; x_wconf 88' lang='lat' dir='ltr'>quo</span> <span class='ocrx_word' id='word_1_303' title='bbox 1151 3726 1223 3790; x_wconf 72' lang='lat' dir='ltr'>glebo</span> 
     </span>
     <span class='ocr_line' id='line_1_36' title="bbox 179 3795 944 3863; baseline 0.005 -21"><span class='ocrx_word' id='word_1_304' title='bbox 179 3795 380 3852; x_wconf 85' lang='lat' dir='ltr'>commendantur,</span> <span class='ocrx_word' id='word_1_305' title='bbox 396 3810 421 3845; x_wconf 85' lang='lat' dir='ltr'>ut</span> <span class='ocrx_word' id='word_1_306' title='bbox 434 3798 514 3846; x_wconf 86' lang='lat' dir='ltr'>Amor.</span> <span class='ocrx_word' id='word_1_307' title='bbox 530 3800 566 3846; x_wconf 90' lang='lat' dir='ltr'>ll.</span> <span class='ocrx_word' id='word_1_308' title='bbox 583 3799 629 3847; x_wconf 87' lang='lat' dir='ltr'>rvi.</span> <span class='ocrx_word' id='word_1_309' title='bbox 648 3801 676 3847; x_wconf 90' lang='lat' dir='ltr'>l:</span> <span class='ocrx_word' id='word_1_310' title='bbox 729 3800 944 3863; x_wconf 80' lang='lat' dir='ltr'>confringebantur.</span> 
     </span>
    </p>

    <p class='ocr_par' dir='ltr' id='par_1_11' title="bbox 180 3869 1227 4083">
     <span class='ocr_line' id='line_1_37' title="bbox 180 3869 1225 3936; baseline 0 -20"><span class='ocrx_word' id='word_1_311' title='bbox 180 3877 195 3897; x_wconf 79' lang='lat'>‘¹</span> <span class='ocrx_word' id='word_1_312' title='bbox 208 3872 266 3917; x_wconf 83' lang='lat' dir='ltr'>Pars</span> <span class='ocrx_word' id='word_1_313' title='bbox 280 3887 318 3919; x_wconf 88' lang='lat' dir='ltr'>me</span> <span class='ocrx_word' id='word_1_314' title='bbox 331 3872 412 3920; x_wconf 88' lang='lat' dir='ltr'>Sulmo</span> <span class='ocrx_word' id='word_1_315' title='bbox 427 3882 491 3920; x_wconf 86' lang='lat' dir='ltr'>tenet</span> <span class='ocrx_word' id='word_1_316' title='bbox 503 3873 594 3936; x_wconf 87' lang='lat' dir='ltr'>Peligni</span> <span class='ocrx_word' id='word_1_317' title='bbox 610 3873 679 3923; x_wconf 81' lang='lat' dir='ltr'>tertis</span> <span class='ocrx_word' id='word_1_318' title='bbox 761 3874 817 3921; x_wconf 88' lang='grc'><strong>695.</strong></span> <span class='ocrx_word' id='word_1_319' title='bbox 837 3873 964 3929; x_wconf 64' lang='lat' dir='ltr'>Titinium,</span> <span class='ocrx_word' id='word_1_320' title='bbox 982 3880 1053 3920; x_wconf 81' lang='lat' dir='ltr'>rectas</span> <span class='ocrx_word' id='word_1_321' title='bbox 1075 3872 1101 3919; x_wconf 88' lang='lat' dir='ltr'>in</span> <span class='ocrx_word' id='word_1_322' title='bbox 1121 3869 1225 3919; x_wconf 70' lang='lat' dir='ltr'>edificiis</span> 
     </span>
     <span class='ocr_line' id='line_1_38' title="bbox 180 3943 1227 4011; baseline 0.002 -22"><span class='ocrx_word' id='word_1_323' title='bbox 180 3943 246 3996; x_wconf 86' lang='lat' dir='ltr'>ruris,</span> <span class='ocrx_word' id='word_1_324' title='bbox 259 3944 343 4001; x_wconf 87' lang='lat' dir='ltr'>Parva,</span> <span class='ocrx_word' id='word_1_325' title='bbox 357 3945 397 3992; x_wconf 83' lang='lat' dir='ltr'>sed</span> <span class='ocrx_word' id='word_1_326' title='bbox 414 3946 505 4008; x_wconf 88' lang='lat' dir='ltr'>irriguis</span> <span class='ocrx_word' id='word_1_327' title='bbox 519 3962 559 3993; x_wconf 81' lang='lat' dir='ltr'>ora</span> <span class='ocrx_word' id='word_1_328' title='bbox 578 3946 679 3993; x_wconf 80' lang='lat' dir='ltr'>salubris</span> <span class='ocrx_word' id='word_1_329' title='bbox 729 3948 814 4002; x_wconf 84' lang='lat' dir='ltr'>trabes,</span> <span class='ocrx_word' id='word_1_330' title='bbox 826 3946 913 4011; x_wconf 85' lang='lat' dir='ltr'>quibus</span> <span class='ocrx_word' id='word_1_331' title='bbox 927 3955 990 3994; x_wconf 80' lang='lat' dir='ltr'>tecta</span> <span class='ocrx_word' id='word_1_332' title='bbox 1007 3946 1101 3993; x_wconf 86' lang='lat' dir='ltr'>ruinam</span> <span class='ocrx_word' id='word_1_333' title='bbox 1117 3945 1227 3992; x_wconf 79' lang='lat' dir='ltr'>minitan-</span> 
     </span>
     <span class='ocr_line' id='line_1_39' title="bbox 181 4015 1227 4083; baseline 0.004 -21"><span class='ocrx_word' id='word_1_334' title='bbox 181 4015 273 4080; x_wconf 82' lang='lat' dir='ltr'>aquis.’&#39;</span> <span class='ocrx_word' id='word_1_335' title='bbox 301 4017 372 4065; x_wconf 80' lang='lat' dir='ltr'>Adde</span> <span class='ocrx_word' id='word_1_336' title='bbox 383 4019 465 4066; x_wconf 83' lang='lat' dir='ltr'>Amor.</span> <span class='ocrx_word' id='word_1_337' title='bbox 473 4018 521 4065; x_wconf 91' lang='lat' dir='ltr'>Ill.</span> <span class='ocrx_word' id='word_1_338' title='bbox 534 4035 573 4067; x_wconf 83' lang='lat' dir='ltr'>xv.</span> <span class='ocrx_word' id='word_1_339' title='bbox 583 4020 619 4065; x_wconf 93' lang='lat' dir='ltr'>ll.</span> <span class='ocrx_word' id='word_1_340' title='bbox 729 4020 762 4066; x_wconf 92' lang='lat' dir='ltr'>tia</span> <span class='ocrx_word' id='word_1_341' title='bbox 772 4020 931 4080; x_wconf 82' lang='lat' dir='ltr'>sustinentur;</span> <span class='ocrx_word' id='word_1_342' title='bbox 947 4019 1001 4067; x_wconf 85' lang='lat' dir='ltr'>vide</span> <span class='ocrx_word' id='word_1_343' title='bbox 1013 4019 1096 4083; x_wconf 85' lang='lat' dir='ltr'>Neap.</span> <span class='ocrx_word' id='word_1_344' title='bbox 1107 4019 1158 4067; x_wconf 90' lang='lat' dir='ltr'>viii.</span> <span class='ocrx_word' id='word_1_345' title='bbox 1168 4020 1227 4066; x_wconf 85' lang='lat' dir='ltr'>Met.</span> 
     </span>
    </p>

    <p class='ocr_par' dir='ltr' id='par_1_12' title="bbox 181 4089 1229 4231">
     <span class='ocr_line' id='line_1_40' title="bbox 213 4089 1229 4158; baseline 0.002 -21"><span class='ocrx_word' id='word_1_346' title='bbox 213 4089 271 4137; x_wconf 84' lang='grc'><strong>687.</strong></span> <span class='ocrx_word' id='word_1_347' title='bbox 282 4089 365 4138; x_wconf 75' lang='lat' dir='ltr'>Solitos</span> <span class='ocrx_word' id='word_1_348' title='bbox 379 4092 439 4139; x_wconf 91' lang='lat' dir='ltr'>bene</span> <span class='ocrx_word' id='word_1_349' title='bbox 453 4091 569 4147; x_wconf 83' lang='lat' dir='ltr'>sehabet,</span> <span class='ocrx_word' id='word_1_350' title='bbox 581 4106 678 4140; x_wconf 84' lang='lat' dir='ltr'>causam</span> <span class='ocrx_word' id='word_1_351' title='bbox 729 4093 785 4141; x_wconf 80' lang='lat'>700.</span> <span class='ocrx_word' id='word_1_352' title='bbox 795 4095 875 4158; x_wconf 76' lang='lat' dir='ltr'>fusce</span> <span class='ocrx_word' id='word_1_353' title='bbox 885 4094 1004 4142; x_wconf 86' lang='lat' dir='ltr'>dicuntur.</span> <span class='ocrx_word' id='word_1_354' title='bbox 1040 4092 1124 4141; x_wconf 74' lang='lat' dir='ltr'>Meloe</span> <span class='ocrx_word' id='word_1_355' title='bbox 1135 4092 1161 4140; x_wconf 89' lang='lat' dir='ltr'>iu</span> <span class='ocrx_word' id='word_1_356' title='bbox 1172 4091 1229 4140; x_wconf 87' lang='lat' dir='ltr'>cibis</span> 
     </span>
     <span class='ocr_line' id='line_1_41' title="bbox 181 4161 1229 4231; baseline 0.002 -19"><span class='ocrx_word' id='word_1_357' title='bbox 181 4161 244 4212; x_wconf 83' lang='lat' dir='ltr'>enirn</span> <span class='ocrx_word' id='word_1_358' title='bbox 265 4164 379 4220; x_wconf 87' lang='lat' dir='ltr'>continet,</span> <span class='ocrx_word' id='word_1_359' title='bbox 399 4179 440 4212; x_wconf 90' lang='lat' dir='ltr'>cur</span> <span class='ocrx_word' id='word_1_360' title='bbox 463 4179 525 4212; x_wconf 89' lang='lat' dir='ltr'>nunc</span> <span class='ocrx_word' id='word_1_361' title='bbox 546 4163 677 4214; x_wconf 81' lang='lat' dir='ltr'>intraverit.</span> <span class='ocrx_word' id='word_1_362' title='bbox 728 4166 820 4215; x_wconf 85' lang='lat' dir='ltr'>rusticis</span> <span class='ocrx_word' id='word_1_363' title='bbox 828 4166 899 4215; x_wconf 88' lang='lat' dir='ltr'>etiam</span> <span class='ocrx_word' id='word_1_364' title='bbox 908 4168 994 4215; x_wconf 87' lang='lat' dir='ltr'>Horat.</span> <span class='ocrx_word' id='word_1_365' title='bbox 1004 4165 1137 4231; x_wconf 61' lang='lat' dir='ltr'>Epaone:</span> <span class='ocrx_word' id='word_1_366' title='bbox 1151 4173 1229 4231; x_wconf 81' lang='lat' dir='ltr'>“gra-</span> 
     </span>
    </p>
   </div>
   <div class='ocr_carea' id='block_1_6' title="bbox 0 0 1430 5018">
    <p class='ocr_par' dir='ltr' id='par_1_13' title="bbox 0 0 1430 5018">
     <span class='ocr_line' id='line_1_42' title="bbox 0 0 1430 5018; baseline 0 0"><span class='ocrx_word' id='word_1_367' title='bbox 0 0 1430 5018; x_wconf 95' lang='lat' dir='ltr'> </span> 
     </span>
    </p>
   </div>
  </div>
 </body>
</html>
