2806 5018
490 361 751 429 PASTORUM
774 363 863 429 LIB.
889 363 956 430 111.
1182 364 1248 429 123

190 533 328 607 Annus
352 543 446 620 erat,
464 534 655 608 decimum
677 559 795 632 quum
819 536 926 611 Luna
951 537 1160 635 repleverat
1183 560 1241 609 or-

245 648 319 722 Hic
338 674 516 724 numerus
534 676 671 746 magno
687 664 777 726 tunc
796 653 834 725 in
852 654 992 727 honore
1009 652 1090 736 fuit,
1114 653 1239 749 [bem:

193 765 272 839 Seu
291 765 382 861 quia
398 774 455 839 tot
471 765 591 861 digiti,
608 748 681 863 per’
692 790 788 863 quos
806 792 1001 842 numerare
1019 769 1206 854 solemus;

246 882 323 954 Seu
343 880 433 977 quia
450 881 509 953 bis
526 882 642 977 quino
660 881 800 955 femina
815 906 945 957 mense
963 883 1081 982 parit;
1171 886 1240 955 124

192 995 271 1070 Seu
290 996 393 1093 quod
411 996 459 1069 ad
478 1020 599 1092 usque
612 997 746 1070 decem
760 1021 915 1071 numero
929 1006 1124 1072 crescente
1138 997 1240 1071 veni-

242 1110 477 1209 Principium
495 1112 626 1210 spatiis
645 1112 804 1186 sumitur
821 1113 909 1186 inde
926 1112 1045 1186 novis.
1149 1112 1238 1207 [tur,

189 1224 288 1298 Inde
306 1250 416 1324 pares
434 1239 587 1300 centum
604 1229 723 1301 denos
742 1230 902 1303 secrevit
920 1229 957 1301 in
976 1230 1085 1302 orbes

242 1340 442 1429 Romulus,
462 1343 630 1417 hastatos
649 1345 888 1442 instituitque
910 1347 1064 1431 decem;

189 1453 243 1528 Et
259 1457 417 1530 totidem
435 1457 624 1556 princeps,
643 1460 802 1534 totidem
820 1461 967 1559 pilanus
985 1459 1152 1533 habebat

241 1571 429 1670 Corpora3
460 1573 628 1669 legitimo
647 1575 789 1672 quique
807 1576 977 1649 merebat
994 1597 1104 1670 equo.
1166 1576 1237 1645 130

189 1684 423 1770 Quinetiam
442 1700 568 1785 partes
586 1689 744 1762 totidem
763 1689 994 1764 Titiensibus
1013 1690 1126 1776 idem,

241 1801 424 1900 Quosque
440 1817 575 1879 vocant
593 1804 772 1891 Ramnes,
794 1805 1078 1901 Luceribusque
1095 1801 1213 1877 dedit.

136 1976 138 1979 .
185 1915 380 1991 Adsuetos
398 1919 511 2015 igitur
527 1944 702 1992 numeros
720 1920 880 1994 servavit
897 1921 936 1992 in
953 1942 1072 1991 anno:

241 2031 325 2106 Hoc
343 2035 447 2130 luget
464 2035 586 2133 spatio
604 2035 743 2109 semina
760 2047 894 2109 moesta
909 2035 1042 2107 virum.

186 2145 277 2221 Neu
291 2147 454 2234 dubites,
467 2150 595 2247 primae
608 2149 747 2223 suerint
761 2151 852 2247 quin
867 2160 955 2223 ante
967 2144 1151 2221 Kalendae
1164 2147 1234 2216 135

238 2263 395 2352 Martis3
426 2266 474 2338 ad
492 2267 571 2338 haec
591 2268 755 2339 animum
774 2266 882 2361 signa
898 2263 1035 2338 referre
1052 2269 1175 2359 potes

184 2376 334 2452 Laurea
352 2379 595 2465 Fluminibus,
615 2407 699 2479 quae
717 2394 797 2455 toto
814 2380 978 2479 perstitit
996 2401 1106 2462 anno,

235 2492 406 2581 Tollitur,
425 2505 466 2567 et
480 2493 630 2569 frondes
648 2497 790 2569 suntin
808 2497 948 2585 honore
966 2516 1083 2568 novae.

219 2711 276 2761 ist.
294 2710 373 2767 Pares,
390 2726 436 2759 non
453 2723 539 2775 potres,
555 2713 681 2777 legendum
733 2714 823 2779 quevis
838 2713 902 2779 legio
916 2714 991 2763 tribus
1006 2710 1112 2760 millibus
1128 2707 1230 2755 militum

181 2800 238 2834 esse
255 2785 406 2849 conjecerant
426 2786 532 2849 Scaliger
548 2797 572 2834 et
591 2786 684 2852 Lipsius
733 2797 858 2837 constaret.
879 2784 1104 2852 Vid.Lipsiusd.l.
1129 2783 1229 2846 inqua·

181 2858 215 2907 de
224 2857 311 2906 militis
321 2858 392 2906 Rom.
403 2859 430 2907 ii.
439 2861 463 2906 2.
474 2859 546 2923 idque
558 2861 629 2908 MSS.
640 2877 682 2925 po·
732 2862 768 2910 vis
779 2862 871 2926 legione
883 2861 981 2910 trecenti
994 2868 1061 2908 erant
1075 2856 1175 2921 equites,
1187 2851 1229 2918 qui

181 2930 284 2980 tionibus
297 2933 475 2996 comprobatum
491 2933 604 2981 Heinsius
618 2949 683 2983 rece·
731 2951 786 2998 equo
796 2938 885 2998 publico
901 2936 1032 2990 merebant,
1043 2947 1113 2997 quem
1129 2928 1229 2977 Ovidius

181 3005 231 3070 pit.
263 3005 311 3053 Sed
325 3004 352 3053 id
365 3021 460 3071 quoque
475 3005 506 3054 ad
516 3015 681 3057 senatoresre-
732 3010 858 3074 legitimum
870 3018 947 3065 vocat,
958 3008 1051 3072 legibus
1064 3003 1226 3054 constitutum.

179 3076 296 3134 tdunnt,
304 3093 364 3142 qnos
371 3078 488 3128 Romulus
496 3089 567 3128 oetnte
577 3089 602 3128 et
610 3097 682 3130 censu
731 3083 752 3131 li
770 3099 865 3148 quoque
881 3084 905 3131 in
921 3086 995 3131 decem
1012 3090 1099 3129 turmas
1115 3072 1229 3138 descripti

178 3152 371 3216 praelegerit.
404 3153 493 3202 Verum
509 3154 551 3202 ille
564 3164 683 3204 senatores
731 3164 796 3204 sunt.
830 3156 879 3204 Hoc
897 3157 968 3217 luget,
979 3161 1043 3211 etc.;
1060 3148 1140 3198 cooler
1156 3159 1227 3210 supra

179 3240 238 3275 suos
257 3224 284 3273 in
304 3224 388 3274 decem
407 3225 515 3276 decurias
533 3226 682 3292 descripsisse
730 3229 746 3278 i.
757 3232 797 3279 3⁵.

180 3314 302 3363 nusquam
328 3299 423 3363 legion.
465 3301 559 3349 laudat
584 3301 680 3366 quidem
764 3304 819 3351 135.
830 3300 1005 3349 Reditsdver.
1013 3298 1044 3346 97
1054 3312 1104 3361 seq.
1113 3304 1137 3344 et
1147 3296 1226 3360 signu,

179 3373 364 3423 Knbsum.
377 3375 416 3423 17.
448 3375 539 3423 Verum
553 3375 586 3423 ibi
600 3374 630 3425 de
643 3375 679 3424 in·
729 3375 874 3439 argumentis
888 3370 1139 3439 quibusdsmptobsre
1153 3383 1225 3416 cona·

179 3456 292 3511 terregno
298 3463 373 3496 sermo
382 3458 426 3505 est,
433 3465 480 3512 quo
486 3449 592 3505 ineunte,
600 3459 680 3512 patres
728 3457 767 3497 tur
776 3464 851 3513 usth
862 3448 892 3496 sd
904 3464 951 3496 ver.
964 3448 1018 3498 150.
1028 3443 1092 3510 quod
1102 3457 1174 3508 supra
1184 3458 1225 3507 po·

177 3520 560 3586 ipddecemdecurisslecerunt.
591 3522 678 3587 Neque
727 3531 815 3578 suerat,
834 3523 949 3570 Martium
965 3520 1037 3569 luisse
1054 3533 1159 3567 mensem
1176 3516 1224 3581 pri-

179 3594 519 3660 Ovidiusl'stressimpliciter
527 3595 677 3657 paresdictu·
727 3611 801 3644 mum.
841 3595 913 3644 Conl.
939 3592 1062 3643 Plutarch.
1089 3591 1163 3640 Num.
1183 3589 1225 3649 is3

176 3668 322 3725 misisset,
333 3684 410 3733 neque
425 3678 525 3717 eostam
540 3681 604 3718 arcte
618 3686 676 3718 con·
726 3669 834 3718 lllscrob.
843 3669 865 3716 1.
875 3669 925 3716 Sat.
935 3668 976 3716 xii.
1008 3665 1223 3729 Animatus-fferre,

174 3742 304 3808 juncturus
327 3757 382 3790 cuni
404 3743 498 3790 instatis
521 3749 546 3792 et
569 3743 676 3808 reliquis.
727 3743 832 3791 animum
842 3742 974 3792 advertere.
1008 3740 1046 3788 De
1059 3737 1224 3787 laureisetiam

176 3817 262 3864 Semo
282 3813 355 3878 igitur
375 3824 412 3864 cst
428 3816 458 3864 de
479 3815 600 3873 militibus,
618 3832 678 3881 quos
725 3817 950 3867 Macrobmodem
966 3830 1060 3881 qnoque
1077 3812 1223 3877 ingrediente

176 3895 252 3938 atate
263 3897 288 3936 et
297 3887 380 3937 babitu
391 3890 492 3954 corporis
503 3905 571 3955 pares
581 3890 606 3938 in
617 3906 675 3955 qus·
726 3907 814 3948 mense,
847 3891 872 3940 in
903 3891 977 3956 regis,
1004 3887 1123 3952 coriisque
1149 3897 1221 3952 stqus

174 3961 217 4010 vis
232 3960 324 4025 logione
341 3962 366 4010 in
383 3975 474 4011 centum
489 3966 557 4011 denos
572 3966 641 4018 orbes,
652 3964 676 4011 in
725 3964 859 4014 Flsminutn
889 3965 998 4013 domibus
1023 3963 1110 4010 laureas
1132 3970 1222 4009 veteres

174 4034 254 4084 denes
272 4035 392 4084 centurias
410 4035 460 4085 sive
477 4035 572 4084 ordines
588 4036 678 4094 divisit,
726 4038 793 4087 novis
802 4037 889 4087 laureis
898 4036 1073 4086 mutabantur.'’
1101 4033 1223 4083 CiSolin.

173 4108 203 4157 in
214 4106 299 4157 decern
309 4108 404 4158 ordines
414 4109 567 4166 hastatorum,
580 4107 677 4159 totidem
727 4128 750 4162 c.
768 4115 792 4162 3.
833 4113 903 4162 llinci
914 4112 976 4176 foci,
992 4117 1020 4159 ut
1035 4125 1082 4159 vet.
1098 4110 1141 4157 29.
1157 4111 1222 4174 ignes

171 4180 322 4248 principum,
330 4182 575 4249 totidempilsoorum‚
583 4193 610 4233 ut
619 4184 678 4233 adeo
728 4187 807 4236 Iliaci.
841 4186 1001 4240 camactos.
