2806 5018
414 372 468 437 IN
492 370 654 438 0v1n11
677 371 796 439 IBlN.
1005 446 1007 451 ,
1055 378 1124 446 ³ae

69 539 158 606 Item
180 562 264 607 vers.
286 543 362 607 518.
385 544 441 607 ubi
463 545 590 620 leaenas,
613 547 731 629 quibus
752 554 857 612 scatet
876 547 999 623 Africa,
1017 549 1119 616 Ibidis

67 643 242 727 populares
256 655 360 709 voout.
405 645 529 709 Verum
551 647 636 710 enim
657 668 745 722 vero,
761 649 789 712 si
811 648 1006 732 conjecturae
1029 651 1120 716 locus

66 745 176 820 detur,
192 745 295 810 dicam
316 748 392 830 quid
414 767 476 831 ego
496 768 636 823 sensero,
653 758 697 823 et,
714 757 750 813 ut
770 750 856 832 apud
875 750 1026 817 Plautum
1039 752 1118 818 Tra·

67 845 183 920 cbalio,
193 851 386 932 promittunt
401 848 560 933 capillum,
571 850 781 936 incipiantque
795 850 962 916 hariolari.
998 854 1119 940 Neque

67 950 155 1012 enim
172 950 351 1034 cymbalum
369 950 447 1015 illud
469 953 580 1015 mnndi
594 951 777 1035 Appianum
792 955 1034 1036 grammaticum
1048 957 1118 1021 imi·

67 1051 203 1114 tandum
226 1052 303 1115 mibi
326 1053 488 1136 proposui,
511 1054 565 1135 qui
587 1062 672 1116 teate
699 1053 814 1128 Plinio,
830 1055 883 1118 lib.
902 1076 982 1120 xxx.
998 1077 1068 1141 cap.
1083 1058 1116 1122 2.

68 1153 222 1234 prodidit,
237 1176 272 1218 se
289 1175 441 1218 evocasse
460 1155 586 1218 umbras
601 1157 641 1219 ad
657 1159 908 1240 percontandum
926 1157 1117 1234 Homerum,

68 1275 136 1339 qua
148 1257 260 1338 patria,
276 1256 434 1339 quibusve
455 1257 639 1340 parentibus
659 1259 787 1342 genitus
808 1269 912 1334 esset;
934 1280 996 1323 non
1011 1269 1118 1325 tamen

67 1376 183 1422 ausum
210 1357 361 1441 profiteri,
382 1359 461 1442 quid
484 1359 545 1421 sibi
566 1360 795 1441 respondisset.
840 1361 917 1425 Non
939 1361 1118 1447 Georgium

64 1459 272 1525 Juacbimum
288 1460 471 1535 Rheticum,
486 1460 659 1544 Copernioi
673 1462 981 1546 discipulum,quem
995 1464 1116 1540 ierunt,

67 1563 147 1626 dum
167 1563 199 1625 in
218 1573 306 1625 motu
324 1562 438 1624 Martis
456 1561 593 1624 haereret
608 1562 825 1639 mirabundus,
841 1585 950 1649 neque
965 1587 1000 1629 se
1015 1565 1116 1650 expli-

65 1674 170 1738 caret,
182 1665 222 1727 ad
240 1662 339 1726 Genii
354 1663 516 1727 familiaris
531 1663 693 1728 oraculum
706 1666 908 1749 confugisse:
931 1676 1029 1751 etqtse
1045 1667 1117 1732 binc

67 1774 295 1850 exasperatum
312 1766 470 1829 Daemcna
484 1766 686 1829 sciscitatoris
701 1767 874 1850 importuni
890 1779 989 1851 oaput
1004 1771 1044 1833 ad
1059 1771 1116 1833 im-

67 1869 195 1934 minens
210 1869 341 1952 isquear
352 1867 513 1942 afflixisse,
524 1869 705 1952 iterumque
719 1869 840 1933 dimissi
851 1891 968 1954 corpus
979 1873 1019 1934 ad
1031 1873 1118 1954 pavi-

66 1979 213 2035 mentum
237 1969 450 2053 proturbasse,
466 1960 577 2033 addito
598 1991 770 2052 responso;
796 1970 879 2033 buno
903 1993 974 2034 esse
997 1980 1117 2035 motum

69 2073 197 2147 Martis,
219 2081 256 2135 ut
279 2071 380 2134 refert
398 2071 542 2137 loannes
567 2070 743 2153 Keplerus,
764 2071 900 2154 epistola
923 2073 1119 2136 dedicatoria

67 2177 110 2241 ad
127 2174 342 2257 Rudolpbum'
354 2174 591 2257 imperatorem.
634 2173 718 2236 Tota
740 2193 792 2236 res
815 2173 1006 2257 conjecturis
1025 2195 1117 2257 pera-

67 2287 175 2364 getur.
220 2275 336 2358 Itaque
361 2277 505 2358 suspicor
525 2273 564 2338 G.
581 2274 704 2339 Julium
726 2274 894 2359 Hyginum
918 2296 1000 2350 esse,
1021 2298 1116 2359 quem

68 2379 206 2444 Ovidius
220 2377 294 2441 ficto
309 2379 436 2440 nomine
449 2376 519 2440 Ibin
537 2374 687 2460 appellat.
731 2375 828 2439 Illum
843 2377 983 2460 inquam,
995 2378 1037 2440 de
1051 2398 1117 2460 quo

67 2480 254 2554 Suetonius,
271 2478 352 2542 libro
366 2474 410 2542 'de
425 2477 608 2541 Illustribus
623 2477 860 2553 Grammaticis,
877 2478 987 2541 retulit
1000 2479 1032 2541 in
1047 2478 1116 2542 baea

67 2583 186 2647 verbm
210 2590 231 2617 ‘⁴
247 2580 347 2645 Caius
360 2579 468 2645 Julius
484 2579 646 2664 Hyginus,
663 2578 804 2663 Augusti
828 2580 971 2655 libertus,
987 2581 1117 2645 natione

69 2683 250 2767 Hispanus,
263 2683 326 2745 etei
342 2682 485 2745 nonnulli
495 2681 750 2746 Alexandrinum
767 2691 892 2766 putant,
903 2688 938 2745 et
953 2704 972 2746 a
986 2681 1118 2746 Caesare

68 2806 205 2870 puerum
227 2783 365 2848 Romam
388 2784 560 2848 advectura
575 2783 781 2847 Alexandria*
797 2794 902 2866 capta,
919 2785 1061 2848 studiose
1084 2775 1139 2846 et'

68 2889 164 2952 aride
188 2887 330 2950 imitatus
353 2894 404 2948 est
426 2883 611 2948 Cornelium
626 2883 860 2957 Alexandrum,
876 2885 1116 2967 grammaticum

67 3009 221 3075 gracum
237 3008 334 3071 quem
348 2994 480 3070 propter
493 2984 692 3069 antiquitatis
708 2985 868 3048 notionem
885 2983 1116 3066 Polybistorem

68 3092 173 3165 multi,
204 3090 333 3174 quidam
365 3088 540 3152 Historiam
573 3087 739 3149 vocabant.
789 3085 927 3149 Praeluit
960 3085 1116 3148 Palatinae

68 3191 281 3266 bibliotheca,
311 3211 370 3253 nec
400 3188 500 3252 multo
530 3188 635 3265 secius
665 3187 816 3271 plurimos
844 3187 964 3258 docuit,
991 3185 1116 3268 luitque

68 3292 189 3358 Ovidis
218 3301 332 3376 poetae,
352 3291 625 3364 familiarissimus,
647 3301 682 3353 et
708 3288 788 3354 Caio
814 3287 937 3352 Licinio
961 3287 1120 3350 consulari

67 3395 227 3468 historico,
244 3395 300 3478 qui
323 3415 398 3457 eum
421 3393 593 3456 admodum
617 3413 791 3477 pauperem
812 3390 989 3453 decessisse
1009 3387 1116 3462 tradit,

67 3506 103 3561 et
117 3495 308 3559 liberalitate
324 3515 393 3571 sua,
409 3496 514 3577 quoad
530 3493 621 3568 vixit,
638 3500 861 3556 sustentatum.
899 3490 1008 3573 Hujus
1023 3490 1117 3552 liber·

67 3609 120 3663 tus
133 3598 196 3661 fuit
209 3598 317 3662 Julius
333 3597 513 3671 Modestus,
529 3598 561 3660 in
577 3596 691 3659 studiis
706 3603 803 3677 atque
822 3592 966 3654 doctrina
982 3591 1117 3674 vestigia

68 3699 193 3784 patroni
210 3700 369 3762 secutna.”
414 3699 498 3762 Hoec
513 3698 578 3771 ille,
595 3697 686 3780 cujus
701 3696 798 3758 verba
818 3694 988 3776 diligenter
1002 3701 1037 3755 et
1051 3693 1117 3755 aori

61 3801 187 3884 judicio
200 3820 361 3883 perpensa
374 3822 435 3863 non
453 3799 556 3863 levem
573 3798 744 3881 suspicioni
755 3818 836 3859 meae
848 3816 956 3859 ansam
971 3795 1116 3878 praebere

64 3903 227 3966 videntur.
273 3901 383 3981 Quum
407 3903 492 3965 eninr
507 3901 675 3985 Hyginum
695 3898 815 3962 Ovidio
839 3898 1115 3961 familiarissimnm

64 4005 166 4068 luisse
180 4004 270 4078 dicit,
288 4004 343 4066 ubi
361 4005 455 4067 modo
470 4003 522 4068 rel
542 4005 572 4064 in
588 4003 733 4065 omnibus
749 4001 916 4083 utriusque
932 4018 1115 4063 monumen-

62 4107 103 4168 tis
120 4115 218 4169 tantae
233 4108 478 4171 necessitudinis
490 4106 659 4188 vestigium
676 4103 805 4168 exstat?
830 4103 966 4165 Ovidius
982 4101 1021 4162 ad
1039 4118 1114 4163 uxo·

112 4225 197 4269 von.
218 4226 251 4269 v.
749 4206 808 4264 {tr
