2806 5018
171 359 238 424 316
466 356 506 419 Ρ.
529 352 691 419 OVlDll
716 353 929 419 NASONIS

178 529 310 605 Donec
330 530 377 602 ab
397 528 514 602 Iliaca
531 526 703 625 placidus
722 526 943 624 purgamina
961 524 1085 597 Vesta

229 645 416 718 Detulerit
432 644 538 717 flavis
557 645 595 716 in
613 666 715 716 mare
732 642 856 715 Tibris
874 640 1007 737 aquis;

180 761 267 834 Non
287 761 377 833 milri
395 761 574 834 detonsos
592 759 714 832 crines
732 759 932 855 depectere
949 756 1071 837 buxo,

230 874 317 948 Non
335 901 481 972 ungues
498 875 595 950 ferro
613 873 852 948 subsecuisse
869 872 975 957 licet3
1156 868 1221 937 230

180 989 217 1064 N
220 1014 269 1064 on
287 991 456 1088 tetigisse
474 989 615 1078 virum;
645 988 816 1085 quamvis
834 986 938 1060 Jovis
956 983 1021 1058 ille
1041 981 1221 1062 sacerdos,

231 1104 412 1188 Quamvis
431 1117 615 1204 perpetua
632 1104 682 1176 sit
699 1103 790 1175 mihi
808 1102 892 1197 lege
909 1100 1038 1173 datus.

180 1220 239 1295 Tu
258 1244 412 1318 quoque
430 1245 477 1294 ne
495 1243 673 1319 propera:
703 1217 836 1290 melius
854 1226 919 1289 tua
935 1213 1016 1286 filia
1033 1213 1167 1296 nubet,

232 1335 351 1432 Ignea
369 1360 486 1432 quum
504 1357 600 1431 pura
616 1333 735 1406 Vesta
752 1330 888 1404 nitebit
903 1329 1034 1402 hume.

181 1450 345 1522 Teuma
359 1460 445 1547 post
459 1448 589 1522 Nouus
603 1470 793 1520 removere
805 1444 982 1542 Lycaona
996 1441 1149 1514 Phoebe
1161 1441 1224 1512 235

234 1563 379 1650 Fertur,
398 1574 437 1635 et
454 1586 477 1634 a
494 1575 599 1657 tergo
617 1585 691 1633 nou
709 1561 827 1634 habet
846 1558 945 1631 Ursa
962 1567 1125 1631 metum.

149 1720 152 1727 =
185 1679 293 1751 Tunc
311 1702 381 1775 ego
398 1703 459 1752 me
478 1678 630 1752 memini
648 1677 758 1749 ludos
776 1677 813 1748 in
832 1673 1001 1771 gramine
1020 1670 1162 1768 Campi

235 1793 468 1891 Adspicere;
498 1807 537 1867 et
553 1793 681 1880 didici,
700 1793 843 1866 lubrice
860 1789 977 1875 Tibri,
996 1801 1101 1862 tuos.

186 1907 301 1983 Festa
318 1910 399 1983 dies
418 1910 503 1996 illis,
524 1910 589 2006 qui
607 1909 684 1981 lina
700 1906 891 1981 madentia
906 1906 1068 1990 ducunt,

236 2023 388 2122 Quique
406 2036 540 2120 tegunt
557 2023 680 2122 parvis
698 2046 773 2095 aera
790 2043 943 2095 recurva
960 2019 1072 2092 cibis.
1163 2020 1229 2089 240

185 2137 310 2214 Meus
329 2165 483 2237 quoque
501 2163 640 2213 numen
658 2139 788 2213 habet:
819 2136 939 2210 Menti
956 2134 1121 2208 delubra
1136 2132 1230 2206 vide·

238 2253 336 2328 Vota
353 2267 455 2327 metu
472 2253 574 2340 belli,
594 2253 736 2352 perfide
754 2252 885 2338 Poene,
901 2251 969 2324 tui.
1140 2249 1232 2344 [mus

221 2486 278 2534 227.
299 2487 482 2549 Donec-aquis,
500 2488 524 2536 id
546 2497 590 2544 est,
612 2503 688 2552 usque
737 2486 800 2550 ignis
818 2485 889 2534 ulitur
907 2491 1043 2550 perpetuus.
1078 2482 1150 2530 Pars
1167 2482 1235 2533 hm

189 2558 221 2609 sd
235 2574 304 2608 sacra
321 2560 436 2618 Vestalis,
454 2561 586 2627 dequibus
602 2562 657 2610 inde
674 2577 689 2611 a
738 2560 790 2608 sede
803 2559 845 2607 ills
855 2567 966 2623 purgata.

189 2635 302 2681 tunm.
321 2634 465 2698 Purgumino
472 2653 481 2693 ‚·
490 2636 588 2684 Festus:
601 2644 616 2664 ⁶·
625 2637 689 2683 Ster-
770 2635 827 2682 235.
845 2632 904 2680 Vll.
915 2631 971 2679 Idus
984 2630 1039 2694 (die
1053 2629 1172 2695 septimo)
1182 2630 1235 2675 Are·

190 2721 232 2753 cus
242 2721 272 2753 es
286 2706 337 2754 sede
350 2709 429 2755 Vestes
442 2709 498 2756 xvii.
514 2709 635 2758 Kalendas
644 2709 687 2757 Ju·
739 2709 845 2770 toplrytar
867 2708 949 2754 occidit
969 2721 1045 2752 mone.
1082 2703 1179 2767 Lycaon
1199 2716 1237 2765 pro

191 2778 237 2826 lias
254 2778 358 2828 defertur
375 2780 400 2828 iu
418 2781 566 2846 angiportum
583 2780 688 2829 medium
740 2782 889 2844 Lyrnesida,
913 2778 1031 2842 Lycaonis
1052 2790 1137 2842 nepos,
1158 2777 1237 2827 Arcu

190 2851 238 2899 lere
254 2851 308 2899 clivi
325 2852 467 2917 Capitolini:
487 2853 527 2917 qui
542 2854 608 2901 locus
624 2853 689 2902 clau·
739 2854 780 2918 qui
801 2870 874 2919 quum
897 2853 921 2901 iu
939 2868 968 2900 eu
988 2860 1061 2907 esset,
1085 2860 1115 2899 ut
1137 2850 1237 2900 Csllisto.

190 2923 256 2972 ditur
265 2935 332 2989 porta
342 2928 494 2975 stercoraria.
528 2927 610 2974 Tantae
622 2943 690 2974 sauc-
740 2937 838 2975 matrem
846 2926 870 2975 in
878 2941 956 2974 ursam
963 2933 1090 2980 mutatam,
1098 2923 1237 2986 ruotgeret.

191 2998 266 3046 titatis
287 3001 386 3064 majores
407 3001 479 3048 nostri
498 3016 549 3047 esse
567 3000 689 3063 judicave-
739 3001 835 3065 Jupiter
850 3000 931 3048 ambos
944 2999 1006 3046 coelo
1021 2998 1145 3062 imposuit,
1155 2996 1236 3045 sidera·

190 3072 270 3120 ruut.'’
304 3073 342 3121 Ab
364 3088 393 3121 eo
413 3074 500 3121 Noster
517 3071 633 3127 dissentit,
649 3072 690 3136 qui
740 3091 787 3137 que
805 3073 885 3122 ricius
901 3071 959 3120 lecit
978 3071 1022 3127 ita,
1040 3080 1068 3119 ut
1087 3072 1152 3120 Urss
1169 3078 1236 3117 usur

190 3144 256 3193 'libri
268 3145 408 3194 devehenda
418 3146 557 3210 purgamina
568 3145 648 3193 tradit.
741 3148 892 3211 precederet,
902 3146 977 3194 Arcas
986 3144 1051 3193 tilius
1059 3141 1237 3210 Arctopbplssit

225 3220 282 3267 329.
306 3219 386 3266 Etiam
414 3218 461 3265 alio
488 3229 592 3282 tempore
614 3217 692 3266 Dialis
741 3222 835 3268 nomine
852 3239 867 3267 a
886 3231 949 3284 tergo
965 3227 1125 3282 sequeretur;
1141 3214 1235 3267 mesti.

193 3307 251 3340 uxor
268 3293 440 3353 imperusdebst
456 3293 636 3348 hainoenses,
655 3290 689 3338 iii.
740 3297 796 3343 507.
837 3295 862 3341 Is
882 3293 933 3342 dies
954 3294 1029 3341 festus
1050 3290 1233 3356 piscatorun'rn

193 3367 251 3414 398.
286 3366 367 3414 Reuss
387 3376 428 3413 eut
456 3368 539 3413 brutum
566 3381 628 3429 sepe
649 3380 691 3429 pro
741 3383 825 3431 campo
845 3365 941 3415 blsrtio.
976 3367 1060 3414 Didtci
1088 3377 1148 3422 tuos,
1170 3377 1233 3430 quun

192 3438 286 3504 pectine
311 3441 396 3488 buxeo.
432 3439 496 3488 Olim
519 3439 556 3486 hic
577 3439 691 3487 edebatur
741 3456 879 3505 qusnrerem,
899 3440 941 3505 qui
961 3450 1049 3496 meent,
1067 3439 1170 3504 cognovi
1189 3449 1233 3486 tuos

192 3516 281 3560 detonso
295 3516 359 3569 burso,
374 3522 399 3560 et
414 3512 438 3561 id
454 3512 615 3577 explicabant,
627 3510 691 3560 rasili
740 3529 800 3563 esse.
834 3515 955 3570 Lubrica,
967 3524 993 3562 ut
1007 3514 1039 3562 iv.
1051 3515 1113 3562 337.
1146 3512 1232 3561 Delus

192 3586 264 3633 buxo.
281 3585 393 3633 Heinsius
400 3585 517 3633 suadebat
527 3588 619 3633 devrtoso
627 3588 691 3640 bum,
734 3588 799 3652 festu
806 3587 845 3635 die
857 3588 955 3635 Festus:
975 3595 992 3614 ‘¹
1001 3586 1130 3636 Piscatorii
1141 3586 1189 3635 ludi
1199 3598 1232 3629 vo·

193 3656 220 3704 id
239 3666 283 3711 est,
301 3658 393 3722 pectine
411 3659 496 3714 buxeo,
515 3658 557 3721 qui
575 3657 691 3711 lllartiuli.
742 3670 835 3715 cantur.
856 3660 897 3724 qui
919 3659 1047 3725 quotannis
1068 3675 1152 3709 mense
1170 3656 1231 3709 lusit

194 3729 243 3778 xiv.
254 3732 294 3778 25.
306 3733 377 3778 bursus
386 3734 501 3794 multifido
514 3735 581 3779 dente
595 3731 691 3779 dicitur.
743 3744 806 3782 trans
821 3734 925 3781 ‘liberim
942 3734 993 3782 fieri
1010 3734 1090 3782 solent
1112 3750 1127 3782 a
1145 3742 1230 3799 pretore

197 3803 313 3864 Perpetuo
322 3805 380 3868 legs.
397 3805 446 3851 Lex
456 3805 553 3868 antiqua
563 3803 692 3868 apudGel·
743 3808 833 3855 urbano
859 3822 901 3871 pro
926 3806 1085 3870 piscatoribus
1111 3804 1229 3856 Tiberinis:

194 3876 253 3925 lium
264 3877 328 3924 dicto
338 3877 403 3924 loco:
420 3885 435 3904 ¹‘
447 3877 625 3926 lllatrimouium
639 3879 692 3926 Fla·
743 3896 842 3944 quorum
863 3892 968 3944 questus
988 3897 1034 3928 nou
1062 3881 1087 3929 iu
1116 3879 1229 3929 macellum

194 3951 273 4007 minis,
285 3950 330 3997 uisi
341 3960 422 4005 morte,
434 3951 511 3998 dirimi
525 3967 572 3999 nou
585 3961 621 3998 est
629 3951 693 4013 jus.”
744 3954 859 4018 pervenit,
871 3955 913 4003 sed
932 3954 980 4004 lere
994 3955 1019 4002 iu
1031 3970 1112 4003 usam
1123 3950 1227 4007 valcant

196 4027 227 4073 Et
238 4024 289 4089 ipsa
304 4024 435 4073 Flaminica
452 4024 542 4072 univira
558 4040 609 4072 esse
622 4024 692 4074 debs·
744 4027 844 4091 quodid
861 4044 936 4092 genus
952 4029 1121 4093 pisciculorum
1138 4029 1228 4075 rivorum

195 4101 252 4146 bat:
269 4097 437 4154 Tertullianus,
447 4097 506 4144 Esh.
514 4096 544 4145 ad
556 4096 640 4146 Custit.
651 4101 690 4146 13.
741 4102 810 4149 datur
820 4103 841 4150 ei
853 4103 896 4150 deo
907 4119 949 4166 pro
960 4102 1045 4150 animis
1056 4101 1187 4150 huuraurs.”

200 4175 263 4223 Vesta
275 4177 352 4240 ignea,
369 4172 483 4236 templum
501 4172 588 4227 l'estae,
602 4171 626 4220 iu
643 4189 691 4237 quo
773 4176 1144 4239 241-2tu.tlontaeueszon.]
1157 4175 1226 4225 luno·
