2806 5018
363 386 416 450 lN
441 384 601 450 OVIDll
626 383 813 449 FASTOS.
1044 382 1109 446 ³65

63 559 195 624 Callim.
213 580 285 623 cum
300 559 414 621 eadem
429 559 462 621 in
475 558 606 629 Ouidio,
623 557 664 618 vi.
678 555 753 618 730.
771 554 962 628 consentire,
978 561 1014 617 ut
1029 554 1107 617 etin

63 664 164 726 rebus
194 662 319 727 Graecis
351 684 424 725 eum
458 662 619 724 interdum
648 660 828 742 respexisse
859 657 960 721 videri
989 665 1109 741 posset.

63 762 222 827 Attamen
252 764 352 846 magis
381 763 530 835 colorem,
560 761 725 833 rationem,
754 768 787 823 et
815 762 948 823 formam
980 780 1022 822 ex
1051 758 1110 822 hoc

64 867 232 949 scriptore.
254 866 418 930 materiam
441 866 509 929 siue
530 866 627 928 dubio
652 865 848 947 potissimum
868 885 910 926 ex
930 863 1009 937 aliis,
1032 884 1112 947 quos

65 969 219 1043 diximus,
237 969 406 1032 Fastorum
427 968 513 1032 libris
534 978 675 1032 mutuam
693 968 829 1050 accepit.
876 967 919 1029 Et
934 966 1113 1030 luculenter

66 1069 128 1133 hoo
145 1091 188 1133 ex
202 1091 241 1132 eo
252 1079 397 1153 apparet,
409 1072 495 1153 quod
511 1092 573 1133 non
590 1071 690 1133 solum
705 1071 736 1132 iu
753 1069 944 1152 explicanda
958 1067 1065 1151 aliqua
1078 1090 1114 1132 re

66 1172 200 1235 easdem
221 1193 347 1255 semper
369 1195 442 1235 cum
462 1173 522 1234 illis
543 1174 663 1236 referre
682 1173 763 1235 solet
780 1172 965 1243 sententias,
982 1172 1039 1234 sed
1056 1193 1114 1233 sae·

66 1274 198 1356 pissime
227 1275 312 1337 idem
342 1284 376 1338 et
404 1275 516 1337 eodem
542 1275 611 1337 loco
634 1285 668 1336 et
693 1274 814 1346 ordine,
840 1295 903 1356 quo
928 1273 973 1336 illi
1001 1274 1115 1336 afferre

68 1374 184 1440 solent.
233 1377 362 1439 Docent
394 1376 452 1439 hoc
476 1377 528 1440 vel
558 1376 670 1439 breves
697 1375 804 1439 Verrii
830 1375 1048 1438 adnotationes
1073 1376 1115 1440 ad

71 1476 162 1540 Fast.
183 1478 205 1539 i.
225 1479 288 1552 453
309 1479 393 1541 conf.
414 1477 546 1542 Verrius
569 1479 608 1540 ad
632 1479 663 1540 d.
686 1477 799 1541 asan.
820 1478 859 1540 ad
880 1477 923 1540 iii.
944 1477 1005 1541 97:
1029 1478 1113 1542 conf.

69 1578 168 1641 Verr.
186 1579 275 1641 initio
295 1578 404 1642 Martii
425 1581 552 1653 mensis,
570 1579 625 1642 ubi
646 1578 713 1641 fere
732 1579 846 1642 eadem
866 1580 980 1642 iisdem
999 1580 1114 1643 verbis.

69 1680 170 1743 Adde
182 1680 281 1744 multa
292 1703 334 1744 ex
347 1682 395 1754 iis,
406 1703 479 1764 quae
496 1691 608 1765 postea
623 1702 665 1743 ex
676 1679 792 1743 Verrio
808 1682 1037 1766 excerpsimus.
1061 1681 1116 1746 Ad

73 1782 227 1846 Ovidium
246 1784 287 1846 de
308 1784 469 1846 mensibus
484 1782 599 1866 Aprili,
618 1783 705 1846 Maio
724 1794 758 1846 et
772 1783 871 1848 Junio
890 1785 974 1848 cous.
992 1783 1117 1849 Pastor.

73 1885 255 1948 conditores
282 1886 367 1968 apud
394 1884 536 1947 Macrob.
558 1886 579 1947 i.
601 1885 652 1948 12.
675 1895 737 1948 etc.
760 1894 823 1949 etc.
868 1887 990 1951 Tamen
1013 1887 1117 1971 ipsum

73 1986 194 2050 notitiis
213 1986 342 2049 aliunde
359 1987 584 2069 conquirendis
603 1987 758 2049 intentum
774 1987 872 2050 fuisse
887 1989 956 2071 ipse
973 1988 1061 2053 Fast.
1076 1990 1119 2054 iv.

71 2089 139 2153 378
154 2099 188 2152 et
200 2089 275 2152 690.
292 2091 397 2164 docet,
415 2099 449 2153 et
462 2112 561 2173 quum
581 2090 635 2152 diu
656 2090 688 2152 in
708 2111 805 2173 opere
823 2111 881 2153 suo
898 2090 1037 2155 limando
1053 2100 1117 2177 sty-

72 2191 139 2254 lum
157 2199 308 2264 verteret,
327 2214 377 2265 ea,
399 2214 472 2275 quae
493 2212 606 2254 recens
629 2200 839 2264 accesserant,
857 2192 888 2254 in
909 2192 998 2255 fastis
1016 2193 1118 2257 donec

73 2293 249 2376 prodirent,
273 2294 444 2378 diligenter
469 2295 622 2356 adnotare
645 2304 679 2358 et
701 2294 840 2357 inserere
863 2294 994 2358 solebat.
1042 2295 1118 2358 Huc

74 2395 226 2478 pertinet,
246 2405 364 2478 praeter
385 2396 445 2459 alia
467 2418 539 2479 quae
562 2396 603 2458 de
625 2395 810 2459 Germanici
832 2394 989 2480 triumpho
1008 2397 1028 2459 i.
1044 2395 1119 2462 285.

74 2497 117 2559 de
133 2496 323 2561 Concordiae
342 2500 410 2561 aede
430 2501 450 2562 i.
467 2499 650 2562 637—650.
667 2521 717 2562 an.
735 2498 779 2562 U.
796 2498 836 2562 0.
851 2499 926 2563 762.
943 2507 1118 2589 exstructa,

74 2600 172 2674 cauit,
190 2621 262 2682 quae
284 2622 326 2664 ex
347 2601 466 2664 notitiis
487 2601 528 2663 ad
549 2601 657 2663 amicis
676 2622 784 2664 secum
803 2601 1053 2676 communicatis,
1070 2602 1120 2666 vel

74 2722 93 2762 e
107 2702 196 2763 novis
209 2703 298 2765 fastis
309 2703 342 2765 in
353 2701 464 2767 exsilio
476 2703 668 2786 interpolare
681 2704 801 2767 debuit.
824 2702 927 2766 Refer
939 2703 999 2768 huo
1011 2705 1119 2781 etiam,

75 2823 148 2884 quae
174 2804 216 2865 de
239 2804 366 2868 Tiberio
391 2805 581 2887 imperatore
606 2805 691 2868 canit
714 2807 735 2867 i.
760 2804 843 2876 5333
874 2806 914 2868 de
938 2805 1026 2871 Julia
1049 2805 1118 2869 Au-

76 2915 181 2988 gusta,
198 2907 219 2970 i.
235 2907 310 2971 536.

119 3008 170 3071 Eo
201 3019 308 3072 auteur
336 3011 436 3094 magis
465 3012 523 3075 hoc
552 3020 773 3095 argumentum
802 3011 949 3073 carminis
976 3012 1121 3075 varietati

77 3120 188 3193 aptum
209 3119 288 3184 erat,
313 3133 411 3194 quum
433 3135 452 3175 a
472 3113 623 3197 temporis
644 3115 693 3176 sui
715 3113 812 3176 sacris
835 3113 876 3175 ad
896 3112 1121 3176 remotissimos

76 3212 191 3295 patriae
216 3212 413 3295 antiquitatis
438 3213 573 3298 mythos,
600 3216 640 3277 ab
668 3215 816 3297 operibus
842 3223 877 3276 et
902 3213 996 3276 rebus
1024 3214 1123 3297 gestis

77 3314 255 3397 principum
277 3316 316 3377 ad
344 3316 472 3379 laudern
495 3326 528 3378 et
550 3316 764 3379 adulationem
787 3336 896 3378 eorum
919 3315 1122 3397 exspatiandi

76 3416 277 3479 occasionem
300 3418 469 3499 praeberet.
515 3417 559 3480 Et
580 3439 653 3481 cum
672 3416 808 3501 Virgilio
831 3416 982 3489 sentiens,
1007 3417 1062 3499 qui
1088 3418 1121 3480 in

76 3517 266 3581 Graecarum
278 3518 454 3583 fabularum
466 3520 587 3583 lusibus
598 3521 674 3583 satis
682 3521 750 3603 jam
763 3519 940 3583 decantatis
950 3519 1005 3582 vix
1015 3540 1122 3584 veram

76 3620 206 3683 laudem
226 3622 329 3684 adhuc
350 3624 451 3704 quaeri
469 3643 562 3705 posse
581 3622 779 3694 cecineratm,
793 3621 871 3685 hanc
890 3621 948 3684 sibi
966 3622 1049 3684 viam
1067 3624 1123 3686 de-

75 3720 211 3805 legerat,
228 3723 510 3787 fructuosissimam
531 3745 608 3787 sane
629 3725 669 3785 ad
690 3725 824 3807 gratiam
844 3725 1015 3788 ineundam
1036 3726 1123 3809 apud

109 3957 127 3981 ¹¹
145 3948 193 3996 Sed
208 3948 326 4011 grandiori
343 3951 413 4014 stylo,
426 3952 513 4014 Georg.
525 3951 575 3998 111.
626 3950 675 3998 dati
698 3951 772 3999 nescit
791 3950 906 4000 Busiridis
927 3953 994 3999 arasl
1062 3952 1123 4000 l'en·

76 4024 107 4069 3:
127 4029 143 4048 ‘⁴
156 4023 258 4078 Cetera,
272 4040 325 4087 quae
342 4041 430 4072 vacuas
446 4024 576 4073 tenuissent
627 4025 699 4073 tanda
713 4026 752 4073 vie
766 4033 811 4082 est,
824 4042 871 4090 qua
882 4041 920 4074 rue
931 4041 1024 4089 quoque
1038 4025 1135 4090 possim,

75 4095 182 4143 carmine
198 4106 289 4145 mentes
306 4098 393 4146 Omnia
405 4100 455 4162 Jam
473 4099 576 4162 vulgata.
626 4098 718 4146 Tollere
730 4098 1017 4162 hurno,victorquevirum
1027 4098 1124 4145 volitare

75 4169 138 4228 Quis
152 4178 193 4218 aut
204 4171 336 4234 Eurysthea
349 4172 432 4220 durum
442 4172 492 4220 Aut
507 4172 576 4221 illau·
627 4187 669 4236 per
679 4173 744 4220 ora.''’
