2806 5018
640 374 749 439 IBlS.
1156 381 1220 445 aul

171 544 267 618 Haec
285 544 368 631 tibi,
387 568 500 642 quem
519 547 661 619 meritis
679 546 854 644 precibus
873 570 958 623 mea
975 550 1134 624 devovet
1149 553 1218 641 ira,

223 659 420 747 Eveniant,
441 671 506 734 aut
523 660 582 732 his
600 685 674 734 non
693 660 833 734 leviora
850 662 980 736 malis:
1143 669 1219 740 416

172 774 306 858 Qualis
324 776 612 849 Achaemenides
633 774 762 847 Sicula
779 774 952 848 desertus
970 777 1007 849 iu
1026 777 1150 866 AEtua,

223 891 359 965 Troica
375 914 494 988 quum
511 890 604 962 vidit
619 890 703 963 vela
719 889 856 975 venire,
875 890 968 965 fuit:

172 1006 305 1092 Qualis
322 1018 404 1082 erat
420 1006 489 1080 nec
508 1031 582 1081 non
599 1005 749 1079 fortuna
766 1005 968 1079 binominis
988 1005 1051 1093 Iri,
1144 1042 1148 1051 ·

226 1121 380 1220 Quique
397 1133 528 1196 tenent
546 1133 712 1220 pontem,
727 1145 813 1218 quae
831 1122 899 1195 tibi
919 1124 1025 1221 pejor
1042 1125 1125 1198 erit.
1145 1131 1223 1201 420

152 1265 157 1272 ⁴
174 1237 292 1310 Filius
310 1247 350 1310 et
368 1237 518 1311 Cereris
535 1237 673 1310 frustra
690 1238 758 1310 tibi
777 1262 927 1336 semper
943 1250 1100 1326 ametur,

226 1352 494 1450 Destituatque
512 1364 598 1425 tuas
616 1375 738 1448 usque
755 1352 898 1450 petitus
914 1378 1020 1451 opes.

175 1465 307 1563 thue
325 1492 392 1565 per
409 1469 571 1541 alternos
592 1469 692 1540 unda
710 1468 861 1542 labente
880 1494 1053 1544 recursus

227 1582 470 1656 Subtrahitur
487 1579 618 1680 presso
637 1583 759 1656 mollis
777 1609 891 1658 arena
908 1585 1018 1683 pedi;

175 1697 242 1771 Sic
261 1708 326 1771 tua
343 1699 471 1772 nescio
490 1722 567 1795 quo
584 1721 734 1795 semper
750 1697 899 1773 fortuna
916 1700 1114 1797 liquescat,
1147 1706 1221 1776 425

228 1812 427 1912 Lapsaque
445 1839 513 1912 per
529 1814 672 1887 medias
691 1816 818 1888 effluat
835 1839 956 1912 usque
974 1839 1120 1889 manus.

176 1928 309 2026 thue
327 1941 434 2028 pater
452 1931 571 2003 solitae
589 1930 711 2003 varias
730 1943 876 2005 mutare
893 1931 1045 2028 figuras,

229 2043 372 2119 Plenus
389 2046 618 2119 inexstincta
633 2045 809 2120 deliciare
826 2046 937 2120 fame.

176 2159 265 2233 Nec
282 2161 390 2259 dapis
409 2163 582 2234 humanae
601 2162 754 2235 venient
769 2162 940 2251 fastidia3
971 2187 1123 2261 quaque

230 2275 344 2350 Parte
362 2287 483 2374 potes,
503 2276 658 2374 Tydeus
677 2277 856 2376 temporis
874 2280 987 2373 hujus
1005 2279 1090 2352 eris.
1148 2284 1223 2352 430
1278 2319 1284 2328 ·

211 2581 270 2628 419.
287 2579 369 2633 Qualis
383 2582 454 2645 erat]
477 2581 530 2630 Irus
546 2582 678 2632 Ithacensis
729 2583 818 2631 vitum:
829 2592 854 2631 et
862 2581 954 2647 quodsi
964 2581 1024 2630 sorte
1035 2581 1130 2630 Plutum
1142 2581 1226 2639 adiret,

177 2653 313 2710 mendicus,
331 2654 432 2703 celebris
448 2655 553 2704 carmine
572 2657 678 2705 Homeri.
727 2656 795 2721 cupit
808 2664 834 2703 nt
848 2657 878 2704 nb
889 2671 917 2704 so
934 2666 1065 2721 spernetur,
1075 2656 1115 2704 eui
1131 2663 1156 2704 et
1170 2654 1226 2704 odio

176 2727 280 2777 Hic-in
306 2728 466 2777 mendicitatis
492 2729 678 2794 objurgationem
728 2731 767 2777 sit.
783 2730 846 2777 Zrn.

176 2816 273 2867 semper
288 2802 405 2868 objicitur.
439 2803 566 2852 Riuoruinis
582 2803 678 2861 dicitur,
762 2805 817 2851 sut.
832 2802 1225 2865 thuepoter.]Erisichthomsue·

177 2874 293 2940 qnoniam
302 2876 396 2925 Arueus
405 2876 462 2925 olim
474 2886 510 2925 est
520 2877 679 2942 adpellstusa
728 2876 778 2924 cisa
804 2891 900 2939 quercu,
924 2876 1049 2941 Dryadum
1076 2875 1185 2940 precibus
1211 2891 1227 2924 s

177 2959 271 2997 matre:
294 2951 336 2999 sed
357 2949 436 3000 <lictus
456 2951 510 3001 Irus
531 2953 561 3000 ab
583 2951 645 3009 aliis,
664 2967 680 3000 a
730 2949 814 2998 Cerere
827 2950 888 2998 irata
903 2957 971 2998 tanta
986 2951 1048 2997 lame
1064 2950 1226 3013 torquebatur,

178 3021 326 3086 loquacitate
336 3022 495 3073 mendicandi.
728 3033 756 3071 ut
776 3031 871 3071 coactus
891 3022 922 3070 sit
942 3022 1043 3071 vendere
1059 3021 1143 3076 filiam,
1161 3021 1225 3087 Dry·

213 3097 273 3144 420.
291 3095 380 3158 Qut'poe
393 3107 471 3145 tenent
483 3098 596 3160 pontem]
616 3097 679 3146 Vide
729 3096 814 3161 opida:
833 3095 871 3142 vel
894 3104 919 3143 ut
939 3095 981 3143 alii
1001 3095 1084 3143 volunt
1105 3095 1225 3142 Matrem.

179 3168 257 3217 Mor.
275 3166 318 3215 lib.
336 3184 364 3215 x.
382 3170 430 3233 Ep.
452 3186 475 3218 v.
508 3170 566 3219 Juv.
587 3171 637 3219 Sat.
655 3187 679 3219 r.
730 3167 834 3217 Venditn
849 3167 918 3215 modo
935 3183 976 3233 pro
988 3167 1087 3230 virgine,
1099 3166 1171 3215 modo
1184 3183 1227 3232 pro

178 3240 212 3290 do
232 3244 309 3305 egenis
327 3241 352 3290 in
371 3243 483 3307 pontibus
500 3243 622 3292 considere
642 3259 678 3292 so-
730 3242 783 3290 aliis
797 3241 965 3300 animantibus,
976 3241 1037 3308 patri
1054 3241 1169 3290 alimenta
1183 3241 1225 3291 diu

178 3313 239 3363 litu.
729 3314 926 3364 subministravit:
949 3314 991 3364 sed
1012 3314 1108 3363 tandem
1129 3322 1227 3364 cosmus

213 3389 272 3436 421.
288 3387 366 3437 Filios
378 3400 401 3438 st
413 3389 523 3452 comm]
543 3390 616 3438 Hunc
629 3405 680 3437 om·
728 3397 764 3436 cst
778 3388 848 3436 miser
866 3403 946 3438 morsu
961 3387 1065 3454 proprios
1082 3396 1147 3436 crtus
1162 3389 1227 3438 lnce·

179 3475 225 3511 nos
239 3461 316 3510 locum
334 3477 386 3511 mso
398 3461 495 3526 quidem
505 3462 606 3526 judicio,
621 3463 681 3511 falso
728 3476 789 3509 rere.

180 3534 373 3599 interpretantur.
390 3551 464 3599 quum
482 3536 513 3585 de
528 3536 680 3602 Triptolemo,
761 3535 818 3583 ⁴29.
836 3535 885 3583 Nec
900 3537 965 3596 dapis
981 3534 1106 3597 humum]
1128 3533 1232 3597 Tydeus

181 3617 225 3658 tut
236 3608 330 3658 Asterie
337 3608 483 3673 intelligunt.
508 3611 606 3658 Plutum
616 3610 680 3659 cuim
729 3610 799 3658 OEnei
816 3609 878 3673 regis
892 3609 964 3665 tilius,
975 3609 1022 3665 vel,
1034 3617 1061 3656 ut
1079 3607 1129 3664 alii,
1140 3609 1227 3658 blattis

179 3682 380 3748 intelligiturque
389 3683 681 3748 inTheogonisHesiodu
729 3691 754 3730 st
764 3682 867 3738 Altheae,
879 3681 903 3729 in
916 3682 981 3730 bello
990 3680 1104 3730 Thebano
1114 3697 1129 3729 a
1139 3683 1226 3732 Mena-

181 3755 245 3805 bsnc
260 3755 367 3805 fabulam
384 3757 462 3806 refert.
495 3757 556 3811 Cum
570 3756 680 3814 lmio‚in
729 3753 795 3819 lippo
817 3754 899 3803 lethali
918 3755 1014 3803 vulnere
1034 3770 1159 3819 percussus
1176 3765 1227 3806 est:

179 3829 281 3893 templo,
300 3829 364 3893 quod
384 3828 431 3878 luit
450 3829 475 3878 in
495 3830 584 3895 Tripoli
603 3831 680 3880 Crete
730 3828 883 3877 moribundus
894 3829 1141 3895 Tydeus‚Menslippi
1155 3840 1228 3895 caput

180 3900 289 3954 cirimte.
300 3903 374 3951 Ceres
388 3902 531 3952 concubuit:
551 3919 580 3952 er
595 3904 681 3969 quibus
731 3902 762 3951 ad
772 3919 798 3951 se
808 3901 893 3950 deterri
901 3903 986 3968 jussit:
1006 3903 1071 3966 quod
1082 3903 1229 3968 Capaneuse

180 3974 268 4025 Plutus
280 3984 351 4026 natos
365 3985 412 4032 est,
424 3977 465 4041 qui
480 3981 595 4040 opulsmio
609 3978 681 4027 inter·
731 3976 831 4040 vestigio
847 3976 871 4024 in
890 3975 963 4043 ipsius
979 3976 1055 4041 Tydei
1076 3985 1229 4039 conspectum

181 4055 296 4112 pretatur.
320 4049 404 4105 Dives,
414 4049 550 4115 quicunque
558 4051 621 4100 hunc
630 4052 681 4100 edi·
731 4051 848 4116 portavit:
873 4067 921 4116 quo
941 4053 992 4101 viso
1011 4052 1106 4100 lmtttus
1125 4049 1228 4114 Tydeus,

182 4120 234 4177 ber.
252 4121 410 4171 efficiebatur.
448 4123 508 4174 ldeo
530 4140 592 4173 nuuc
612 4135 682 4188 poeto
732 4127 855 4174 cerebrum
867 4125 979 4174 dentibus
990 4125 1094 4180 corrosit,
1103 4130 1130 4170 ut
1139 4122 1229 4172 Statius

181 4195 326 4260 imprecetur
353 4196 486 4247 mendicam
514 4199 538 4247 in
560 4197 682 4248 inimicum
733 4198 757 4246 in
768 4211 852 4248 octavo
860 4197 995 4248 Thebaidos
1004 4196 1092 4246 scribit
1108 4195 1169 4243 Zsrt.
