2806 5018
172 355 217 421 22
474 359 513 422 P.
537 356 699 424 OVIDII
723 358 936 424 NASONIS

175 529 341 629 Oraque,
361 554 438 628 qua
455 531 601 628 pollens
619 556 692 630 ope
710 556 806 619 sum,
825 531 979 605 fontana
994 530 1155 619 reclusi3

223 646 393 742 Sumque
411 647 627 745 repentinas
645 649 855 746 ejaculatus
872 670 1005 743 aquas.
1149 650 1222 718 270

173 760 273 835 Ante
290 760 417 835 tamen
434 762 568 859 gelidis
587 764 734 860 subjeci
749 763 930 860 sulphura
945 762 1064 847 venis,

225 878 430 952 Clauderet
447 889 490 950 ut
507 877 616 952 Tatio
633 879 797 953 fervidus
815 879 950 951 humor
966 877 1049 950 iter.

175 991 294 1089 Cujus
312 1004 354 1066 ut
367 994 508 1067 utilitas
526 995 645 1092 pulsis
663 1004 844 1093 percepta
862 992 1035 1079 Sabinis;

224 1106 396 1204 Quaeque
414 1108 496 1195 fuit,
515 1120 597 1182 tuto
615 1110 762 1186 reddita
779 1109 898 1182 forma
915 1109 998 1181 loco
1013 1116 1084 1179 est.

174 1222 252 1296 Ara
268 1222 358 1296 mihi
376 1224 500 1321 posita
517 1236 587 1310 est,
607 1250 721 1323 parvo
739 1227 944 1322 conjuncta
962 1223 1127 1297 sacello:
1147 1224 1220 1293 275

224 1335 318 1412 Haec
337 1339 462 1415 adolet
478 1341 640 1414 flammis
657 1366 743 1415 cum
762 1354 865 1415 strue
883 1340 980 1415 farra
996 1339 1089 1413 suis.

173 1452 227 1525 At
242 1476 309 1526 cur
326 1477 420 1549 pace
438 1454 545 1540 lates,
564 1458 752 1555 motisque
770 1456 974 1531 recluderis
992 1455 1132 1529 armis?

225 1567 307 1641 Nec
325 1591 440 1655 mora,
460 1571 607 1664 quaesiti
626 1572 773 1646 reddita
790 1595 905 1646 causa
920 1571 1034 1644 mihi:

177 1679 231 1753 Ut
248 1682 387 1780 populo
406 1685 547 1757 reditus
565 1696 720 1782 pateant
737 1687 785 1761 ad
802 1687 903 1761 bella
920 1684 1102 1784 profecto,

223 1794 319 1872 Tota
336 1809 443 1895 patet
459 1799 587 1874 demta
599 1803 716 1898 janua
733 1812 861 1876 nostra
875 1825 971 1876 sera.
1146 1802 1221 1871 280

175 1910 279 1986 Pace
292 1912 389 1989 fores
407 1916 519 2002 obdo,
540 1940 587 1991 ne
606 1941 682 2014 qua
699 1919 893 1991 discedere
910 1915 1051 2016 possit:

225 2029 478 2130 Caesareoque
495 2033 558 2106 diu
573 2035 725 2108 nomine
742 2035 894 2108 clausus
912 2057 987 2106 ero.

176 2142 305 2220 Dixit:
334 2158 372 2220 et
389 2149 565 2222 attollens
583 2151 711 2227 oculos
729 2149 877 2223 diversa
892 2156 1057 2232 tuentes

224 2261 413 2359 Adspexit
429 2274 508 2338 toto
524 2265 710 2363 quidquid
727 2264 766 2338 in
784 2264 873 2337 orbe
891 2262 973 2335 fuit.
1145 2265 1221 2333 284

171 2486 255 2552 juncta
271 2505 326 2539 cnm
344 2489 425 2554 gelido
443 2492 507 2540 tonte
524 2491 669 2548 tenentibus,
754 2490 811 2538 277.
822 2489 905 2536 Latere
921 2486 971 2552 ipse
985 2484 1073 2535 dicitur
1087 2483 1145 2549 qnia
1161 2491 1222 2532 tenr-

173 2561 669 2628 inrpetrat,utsontissnifluminaeliciant:
721 2578 777 2628 pore
798 2560 865 2627 pacis
885 2561 937 2624 ejus
965 2557 1079 2624 templum
1105 2557 1223 2605 clausurn.

173 2651 227 2700 qun
238 2653 312 2701 quum
323 2638 427 2686 nondum
442 2638 487 2687 iter
499 2636 672 2702 praeluderent
721 2634 806 2684 Horat.
824 2635 859 2683 11.
872 2635 918 2698 Ep.
933 2632 951 2681 i.
966 2635 1023 2681 255.
1040 2631 1222 2694 “claustraque

173 2707 287 2766 hostibus,
314 2710 427 2775 sulphura
448 2720 583 2775 supponunt
604 2709 671 2768 sonti,
721 2709 846 2757 custodem
867 2707 933 2771 pacis
951 2704 1088 2754 cohibentia
1103 2703 1222 2754 Janurn.”

173 2790 245 2846 atque
255 2783 371 2832 bitumine
381 2798 453 2832 venas
463 2782 611 2844 incendunt;
627 2799 671 2832 un·
721 2781 784 2830 Vide
802 2781 898 2830 adver.
916 2782 971 2828 121.
1004 2779 1102 2827 Raditur
1116 2787 1223 2839 potsunt.

173 2853 204 2903 de
215 2870 278 2918 aqua
288 2855 376 2904 calida.
721 2854 857 2904 &cundum
878 2853 987 2902 Macrob.
1005 2852 1024 2899 i.
1043 2853 1067 2900 9.
1089 2851 1121 2899 ad
1141 2851 1223 2907 finem,

207 2929 265 2976 275.
284 2929 360 2976 Vetus
375 2937 400 2976 et
414 2927 516 2993 primum
533 2928 589 2979 Jani
607 2938 669 2978 tem·
721 2936 826 2993 tempore
847 2926 904 2975 belli
922 2925 983 2974 lores
999 2934 1139 2981 reserantur,
1156 2923 1224 2972 velut

173 3000 241 3067 plum
262 3001 387 3058 Romulus,
408 3017 468 3066 pace
496 3018 550 3050 cum
578 3002 672 3052 Sabinis
722 3001 753 3050 ad
762 3001 826 3050 urbis
834 2999 947 3048 auxilium
955 2999 1136 3064 prolecto,Deo.
1154 2997 1224 3045 Rom

174 3075 247 3133 tacta,
257 3076 290 3124 ibi
306 3077 393 3141 posuit,
406 3076 447 3124 ubi
463 3070 540 3126 Jaiius
555 3077 671 3126 auxilium
721 3073 1040 3133 otdodoribusseramondo.
1055 3073 1128 3120 Possit
1136 3087 1223 3135 nempe

172 3163 255 3199 conus
267 3148 363 3197 Tatium
382 3149 450 3209 tulit;
465 3149 559 3199 Terent.
570 3152 671 3200 Maurus
722 3149 781 3197 Pax.
819 3148 873 3195 Hoc
896 3148 980 3196 melius
1001 3155 1045 3203 est,
1064 3161 1136 3210 quam
1157 3145 1223 3209 quod

173 3224 199 3272 in
210 3223 362 3272 Wemsdorfii
370 3224 437 3273 Poet.
448 3224 511 3272 Min.
519 3233 575 3272 tom.
583 3224 607 3273 ii.
616 3241 670 3290 pag.
722 3221 820 3271 Mncu.
834 3220 866 3268 ad
880 3219 1014 3275 Horatium,
1032 3220 1066 3268 ΙΙ.
1080 3220 1123 3283 Ep.
1135 3219 1152 3267 i.
1163 3220 1224 3269 255.

174 3297 232 3345 279.
247 3297 297 3345 Tibi
314 3307 377 3345 uetus
392 3315 435 3345 ara
449 3299 521 3346 coluit
537 3301 673 3364 Aborigines
721 3297 816 3362 prefert
832 3299 920 3355 possim
956 3295 1053 3342 Nomine
1064 3292 1177 3342 Heinsius
1192 3308 1223 3341 ex

173 3371 264 3417 sacello.
299 3371 375 3418 Recte
397 3381 465 3420 vocat
485 3389 581 3434 mevam
601 3374 671 3420 mest·
721 3369 792 3417 MSS.
803 3369 882 3416 Ursin.
893 3370 962 3417 Voss.
972 3367 1066 3416 Arund.
1081 3366 1180 3431 recepit,
1195 3375 1223 3415 ut

176 3445 241 3499 tsm5
263 3452 358 3490 auctore
379 3443 501 3509 Procopio,
523 3446 592 3510 cujus
612 3455 671 3494 tem·
722 3442 832 3490 Cesarea
849 3442 932 3491 domus
952 3442 1105 3506 intelligatur.
1140 3440 1225 3489 Potest

175 3531 230 3581 pora
249 3516 361 3572 restabat,
379 3515 412 3564 nil
434 3516 478 3565 nisi
495 3518 551 3567 Jani
569 3527 671 3566 statuant
721 3515 812 3564 dictum
834 3531 894 3571 esee,
916 3525 942 3563 ut
963 3519 1052 3563 uomitus
1074 3532 1115 3564 rao
1136 3525 1224 3564 tmere

175 3587 390 3653 quinquepednlem
402 3590 519 3656 capiebat,
531 3592 604 3640 forma
613 3607 672 3655 qua·
719 3589 807 3655 gentes
838 3591 973 3639 Caesareum
985 3605 1069 3637 nomen
1078 3590 1113 3637 ita
1125 3589 1224 3637 terrebit

168 3661 243 3715 ,drata
269 3670 294 3710 et
322 3678 369 3711 aere
396 3673 565 3719 constructum,
593 3673 672 3728 portas
721 3671 811 3727 gentes,
820 3672 846 3711 ut
857 3663 887 3711 ab
898 3663 968 3712 armis
979 3664 1121 3717 abstineant,
1129 3677 1223 3725 egoque

173 3735 293 3801 utrimque
309 3737 400 3786 habens
414 3755 492 3786 aeneas
505 3754 520 3786 a
531 3738 605 3786 fronte
618 3747 643 3785 et
657 3755 671 3787 a
721 3736 817 3785 clausus
828 3753 878 3785 esse
888 3737 985 3801 possim.
1005 3737 1092 3800 Vulgo,
1102 3739 1205 3784 numine.

174 3820 247 3874 tergo.
274 3812 330 3858 Hes
342 3815 425 3869 adolet,
438 3813 462 3861 in
477 3813 522 3860 hac
539 3811 670 3861 adolentur.
753 3811 811 3858 283.
825 3811 930 3865 Diuersa,
942 3810 996 3858 loca
1006 3809 1050 3857 sibi
1062 3809 1182 3873 opposita,
1197 3809 1223 3858 in

175 3885 262 3940 Straes,
272 3884 312 3933 libi
321 3901 402 3949 genus.
420 3887 517 3934 Festus:
531 3892 548 3913 ‘⁸
560 3887 670 3933 Fercturn
721 3883 781 3933 tales
794 3884 857 3932 enim
875 3893 954 3949 partes
972 3884 1056 3932 faciem
1071 3884 1148 3932 Janus
1164 3898 1223 3932 con·

175 3974 249 4022 genus
264 3958 306 4007 libi
322 3959 422 4015 dietum,
439 3958 502 4021 quod
518 3958 622 4006 crebrius
639 3959 671 4008 ad
719 3973 812 4007 versam
823 3960 902 4008 habet.
925 3959 976 4006 Par
986 3968 1046 4006 erat.
1063 3957 1134 4006 Anno
1145 3957 1177 4006 U.
1190 3958 1222 4007 C.

174 4047 242 4081 sacra
255 4032 436 4088 tarnuanense
448 4031 500 4080 sine
515 4040 587 4087 strue,
599 4031 672 4081 altero
722 4033 780 4081 7⁷0.
796 4034 825 4084 C.
841 4033 941 4083 Caecilio
957 4034 1031 4089 Rufo,
1046 4033 1074 4081 1.
1092 4033 1224 4096 Pomponio

173 4123 259 4171 genere
269 4105 328 4154 libi:
347 4120 401 4168 que
409 4106 450 4170 qui
461 4105 600 4164 afferebant,
611 4114 670 4157 stru
721 4107 809 4156 Flacco
827 4124 886 4157 con.
908 4107 939 4156 ad
959 4107 1017 4156 Vll.
1038 4105 1144 4156 Kalend.
1162 4107 1224 4156 Jun.

174 4179 265 4231 lactarii
275 4177 483 4245 appellabantur.’'
723 4179 1222 4236 CesaermntsusdeCheruscis‚0hat·
