2806 5018
324 356 583 424 FASTORUM
608 357 697 422 LIB.
723 357 783 421 VI.
1006 354 1099 420 353·

154 556 187 619 a,
207 534 376 606 sacrifico
395 534 598 606 deductum
617 556 752 605 nornen
771 532 818 604 ab
838 533 954 617 Anco,

154 672 219 745 qua
236 674 304 748 par
320 650 436 723 facies
454 650 648 722 nobilitate
667 674 747 722 sua.

154 765 242 839 rimo
256 789 408 864 quoque
418 766 537 840 forma
546 791 613 840 suo
625 768 826 864 respondet
837 767 873 838 in
885 765 968 853 illa;
996 769 1068 837 805

154 905 280 975 genus,
299 894 337 954 et
355 882 480 966 facies
501 882 766 979 ingeniumque
785 882 909 954 simul.

154 997 247 1093 quod
265 998 460 1070 laudamus
480 998 647 1083 sormam,
666 1012 743 1071 tarn
761 1010 867 1094 turpe
887 997 1049 1094 putaris:

154 1112 294 1185 idamus
312 1138 466 1208 magnas
485 1115 554 1185 hac
573 1138 725 1210 quoque
744 1124 849 1210 parte
866 1113 969 1185 deas.

154 1227 247 1301 tfuit
264 1232 453 1326 quondam
472 1242 670 1303 matertera
689 1230 848 1302 Caesaris
862 1229 927 1302 illi.
1165 1325 1167 1328 Α

154 1368 263 1432 ecus,
283 1347 305 1417 d
323 1371 429 1418 sacra
446 1346 584 1418 semina
601 1346 715 1442 digna
730 1345 861 1417 domo!
994 1346 1067 1415 810

157 1461 249 1534 cinit
268 1461 373 1535 Clio:
403 1463 523 1536 doctae
542 1464 742 1536 adsensere
760 1484 916 1534 sorores.

154 1577 223 1650 tuit
239 1578 406 1664 Alcides,
427 1580 686 1677 increpuitque
703 1578 836 1676 lyram.

154 1777 226 1831 muel
237 1777 313 1842 neptis
322 1779 522 1840 Murciinib'ppi,
604 1780 660 1826 812.
677 1777 792 1826 Hercules
820 1780 893 1840 tyrum
917 1778 1010 1833 prebens
1033 1791 1070 1823 se·

156 1849 219 1913 gusti
236 1851 343 1899 vitricum
363 1851 433 1900 fuisse
453 1851 523 1916 vulgo
571 1852 636 1901 rioris
666 1853 722 1900 artis
750 1852 858 1916 frequens
891 1859 1068 1914 argumentum

154 1931 187 1971 rt:
200 1939 281 1971 verum
292 1940 305 1971 e
316 1940 379 1972 vers.
390 1926 421 1973 65
432 1933 457 1972 et
467 1926 523 1972 809.
572 1925 680 1990 Heyuius
695 1924 759 1973 dicto
775 1925 835 1973 loco.
873 1922 990 1985 increpuit
1008 1926 1068 1986 tyra,

161 2007 313 2053 materteram,
347 2015 392 2047 non
426 2008 523 2047 matrem
572 2000 622 2063 lyra
639 1998 720 2047 fortius
736 1998 829 2063 pulsata
843 1997 913 2045 finem
928 1996 1005 2044 facere
1016 1997 1068 2060 jus·

157 2083 255 2137 nuptam
272 2072 344 2122 fuisse
359 2073 451 2121 Marcio
467 2072 524 2121 Phi·
572 2073 616 2130 sit;
642 2072 676 2119 sic
696 2070 816 2127 Horatius,
838 2069 884 2117 lv.
904 2068 952 2117 Od.
973 2084 1012 2115 xv.
1035 2070 1067 2115 l:

154 2147 194 2194 roi.
218 2147 238 2196 1.
261 2162 289 2194 ex
313 2147 396 2202 Ponto,
417 2146 443 2194 ii.
469 2148 523 2194 140.
572 2146 707 2195 “Phoebus
718 2145 834 2193 volentem
848 2142 931 2208 praeiia
943 2158 980 2191 me
995 2142 1069 2207 loqui,

154 2220 187 2268 dii
208 2237 265 2268 uxor
284 2236 313 2268 ex
334 2221 401 2269 Fabii
423 2220 523 2268 Maximi
576 2219 659 2269 Victas
674 2228 698 2267 et
715 2219 792 2274 urbes,
805 2216 921 2283 increpuit
936 2216 987 2280 lyra
995 2216 1018 2275 ;”
1035 2216 1068 2264 ibi

154 2295 193 2349 nit,
218 2294 372 2355 Marciumque
394 2304 525 2342 reverenter
576 2294 623 2342 vid.
642 2295 698 2344 Jani
716 2302 740 2341 et
761 2292 894 2342 Mitseherl.
926 2291 1069 2356 Disputatur

154 2367 184 2415 [I.
196 2384 224 2415 er
241 2369 325 2424 Ponto,
338 2367 354 2415 i.
370 2369 400 2416 75
415 2384 472 2431 sqq:
491 2367 524 2415 sic
575 2378 654 2417 autem
671 2369 715 2418 hoc
731 2368 782 2416 loeo
798 2377 876 2416 utrum
895 2366 1022 2430 legendum
1041 2365 1072 2415 sit

156 2457 191 2497 us,
208 2457 250 2488 cur
267 2440 310 2489 boc
329 2441 381 2489 loco
398 2441 422 2488 iu
442 2440 525 2489 laudes
577 2444 637 2505 lyra,
658 2458 697 2497 au,
719 2441 781 2506 quod
802 2440 915 2490 Heinsius
932 2456 961 2488 ex
980 2440 1070 2496 Ursini,

154 2522 220 2581 poeta
236 2513 351 2574 excurrit;
367 2515 421 2563 vide
435 2514 464 2562 de
480 2514 525 2562 hac
575 2515 715 2564 Sarrariano
731 2523 756 2562 et
772 2514 846 2562 tribue
865 2513 919 2562 aliis
937 2513 1069 2579 adoptavit,

154 2590 240 2637 [moon.
251 2590 275 2636 in
284 2589 341 2636 Vita
352 2588 432 2637 Ovidii
442 2587 473 2636 ad
484 2604 525 2635 au·
576 2592 658 2653 tyrum.
690 2591 788 2646 Putant,
801 2592 917 2651 increpare
932 2591 1006 2652 tyram
1019 2604 1070 2638 esse

154 2662 169 2710 ἶ.
180 2663 235 2710 767.
268 2663 351 2710 Aucus
365 2663 470 2709 Marcius
484 2677 525 2709 rex
575 2664 713 2730 simpliciter
722 2665 815 2730 pulsare
826 2664 909 2728 lyram,
920 2673 947 2714 ut
957 2664 1074 2714 Heroidd.

154 2738 322 2801 criticumquia
332 2737 400 2800 louge
411 2735 525 2800 antiquie·
575 2738 608 2787 iii.
628 2741 685 2799 1185
702 2739 795 2787 Amorr.
810 2740 846 2787 ll.
863 2738 897 2788 xi.
913 2741 960 2799 32;
977 2741 1019 2789 sed
1034 2744 1071 2796 irt-

154 2818 199 2859 ttus
214 2821 257 2866 est,
275 2817 290 2838 “
302 2826 370 2857 sacra
382 2810 485 2873 publica,
499 2818 525 2857 ut
575 2829 667 2873 crepere
683 2815 742 2875 tyro,
758 2812 851 2875 signum
867 2811 931 2868 dare,
946 2812 1072 2863 admonere

154 2899 164 2932 ι
190 2883 296 2932 instituta
322 2894 396 2939 eraut,
418 2882 525 2940 iacere;”
575 2886 627 2951 lyra
638 2887 743 2950 asperius
753 2886 834 2951 pulsa:
852 2885 886 2933 sic
897 2885 968 2933 etiarn
979 2886 1073 2935 Schire·

162 2960 209 3018 32;
226 2957 361 3022 Dionysius,
373 2958 456 3005 iiten.
478 2957 525 3004 No·
576 2960 642 3007 obius
660 2967 684 3007 et
704 2959 833 3018 Krebsius;
852 2958 892 3006 sed
913 2959 1020 3023 Heynius
1041 2959 1072 3008 ad

155 3050 186 3079 u.-
206 3031 261 3079 olim
283 3032 396 3079 edebatur
409 3032 479 3095 fuit5
502 3040 526 3079 et
576 3033 712 3097 Virgilium,
723 3033 880 3081 mutter.
893 3032 916 3080 iu
931 3047 990 3081 varr.
1005 3032 1074 3089 lectt,

154 3123 201 3171 quo
221 3115 324 3171 tempore
347 3105 447 3153 Ovidius
474 3105 525 3152 hec
577 3110 627 3171 tyra
641 3110 732 3169 putrere
747 3108 821 3170 magis
832 3107 923 3171 poetice
935 3105 982 3154 dici
995 3116 1072 3170 putat,

154 3181 250 3236 ,adhuc
267 3189 317 3228 ernt
334 3180 358 3227 in
376 3181 442 3228 vivis.
477 3180 526 3226 Par
576 3198 646 3246 quatu
660 3183 742 3245 tyrum.
776 3180 894 3229 Ceterum
908 3179 933 3226 in
946 3180 1016 3227 MSS.
1027 3181 1073 3229 Ut·

154 3272 172 3303 n
191 3255 294 3303 ablativo
313 3255 424 3310 construi,
441 3255 526 3302 docent
576 3256 629 3311 sini,
643 3256 736 3304 duobus
751 3253 879 3310 Patavinis,
894 3269 941 3301 uno
956 3253 1074 3304 Vaticano

164 3339 189 3378 et
209 3332 368 3377 Burmannus.
402 3328 486 3377 Verbis
505 3339 527 3376 et
577 3340 648 3394 atque
678 3328 784 3377 Francos.
815 3327 933 3391 subjuncti
963 3327 1074 3392 leguntur

154 3404 228 3468 scoies
244 3406 403 3467 iugerriumque
420 3404 487 3450 simul
503 3401 527 3450 in
577 3420 656 3452 versus
674 3403 697 3451 hi
714 3411 827 3467 quatuor:
850 3402 876 3450 Si
895 3419 965 3450 novur
984 3420 999 3449 a
1017 3401 1075 3451 doni

154 3488 178 3526 t.
190 3477 344 3541 adscriptum:
364 3477 527 3525 “Haecadul-
577 3482 646 3527 sacris
671 3479 830 3525 numerabitur
853 3493 936 3531 urruns,
964 3477 1077 3530 Quintilis

154 3552 213 3601 rnt.”
256 3552 294 3599 Sic
319 3552 429 3615 judicant
456 3552 527 3600 etiam
570 3554 635 3617 salto
646 3556 735 3600 nomine
749 3555 823 3599 dictur
835 3552 887 3598 erit,
921 3550 946 3598 Si
950 3549 1031 3615 sucin
1048 3561 1076 3599 ut

154 3624 209 3675 isius
233 3634 257 3673 et
282 3627 440 3681 Burmannus,
473 3625 529 3689 quia
570 3627 681 3691 suerum,
699 3628 784 3688 primur
809 3644 824 3672 a
852 3625 929 3673 Morte
951 3624 1076 3682 Kalendas,

154 3717 173 3748 ur
181 3700 231 3765 jam
242 3699 340 3749 dixerat.
582 3700 696 3762 Tempore.

403 3956 490 3998 FlNlS
514 3957 703 4000 PASTORUM·
