2806 5018
423 369 739 437 CONSOLATIO.
1040 373 1106 437 445

59 539 113 614 Et
122 542 298 639 cuiquam
310 543 545 618 miserandus
556 569 618 619 ero
630 546 644 619 i
658 547 738 642 jam
750 545 954 643 comprime
967 545 1100 619 fletus:

113 656 196 730 Hoc
215 682 297 755 ego,
318 660 382 755 qui
400 660 516 732 flendi
534 686 616 733 sum
635 660 704 734 tibi
721 686 848 748 causa,
868 684 968 758 rogo.

60 770 155 846 Haec
174 774 290 847 sentit
308 775 466 861 Drusus
482 776 514 848 si
530 777 620 873 quid
640 777 751 850 modo
766 776 880 849 sentit
893 775 931 847 in
949 775 1102 863 umbra3

115 887 196 963 Nec
214 901 256 962 tu
273 890 321 964 de
340 904 443 965 tauto
461 893 573 965 crede
591 892 734 965 minora
750 893 841 964 viro.
1031 895 1105 964 470

59 1001 133 1077 Est
150 1005 230 1092 tibi,
250 1006 375 1103 sitque
393 1031 536 1104 precor,
556 1009 758 1081 multorum
776 1008 874 1079 filius
893 1007 1034 1091 iustam

113 1118 284 1218 Parsque
302 1121 356 1194 tui
374 1132 503 1218 partus
521 1122 572 1194 sit
588 1124 656 1195 tibi
675 1125 778 1197 salva
795 1122 906 1221 prior.

60 1232 135 1308 Est
146 1237 296 1332 conjux,
304 1237 424 1310 tutela
437 1238 645 1328 hominum;
667 1264 742 1336 quo
761 1237 915 1335 sospite,
926 1247 1102 1324 vestram,

113 1349 228 1438 livia,
247 1352 433 1426 funestam
451 1353 612 1429 dedecet
630 1380 715 1430 esse
732 1356 898 1429 domum.

95 1572 153 1620 467.
165 1571 197 1618 Er
211 1573 316 1633 cuipiam
333 1572 472 1618 miserandus
490 1572 557 1635 ετοῒ]
610 1581 713 1627 moveat,
732 1571 800 1620 modo
822 1569 875 1635 quis
899 1568 995 1635 pudoris
1014 1585 1106 1618 sensus.

61 1644 109 1695 cni
126 1643 172 1692 rim
185 1643 210 1692 in
225 1651 342 1709 posterum
360 1646 507 1700 roimundus.
518 1643 559 1709 qui
610 1645 674 1703 Quid
685 1645 829 1694 enimvero?
847 1648 936 1693 dedecet
946 1642 1041 1692 domum
1052 1643 1105 1692 Cn-

60 1717 560 1782 loudaruraCresare‚lacrimnsipsi(Deo)
610 1718 669 1768 saris
685 1719 750 1767 luctu
761 1719 892 1784 funestari,
907 1716 978 1766 versi
996 1716 1106 1765 maximo

60 1792 202 1842 elicuerimi
219 1792 273 1840 Jam
283 1793 486 1856 conprimefletus.
495 1795 560 1850 Que·
610 1792 660 1858 spei
672 1793 800 1858 principem
812 1791 923 1848 amiserit,
935 1793 1013 1852 sospite
1022 1792 1108 1839 scilieet

60 1866 165 1917 telarum
175 1866 246 1931 igitur
256 1865 347 1924 desine,
357 1875 433 1913 mater
440 1875 482 1924 ;et
493 1867 561 1915 fletus
609 1885 656 1915 uno
668 1867 764 1916 θωνα.
798 1867 919 1915 Summum
929 1865 974 1912 hoc
985 1864 1106 1913 humilitu-

60 1941 201 2006 comprime,
213 1957 286 2005 quum
301 1948 335 1988 tot
351 1939 398 1988 sint
413 1939 456 1988 tibi
473 1956 560 1997 cause,
611 1941 649 1996 tis,
657 1956 701 1988 nec
713 1940 874 2005 poemerium
886 1938 1000 1995 exulanti,
1012 1947 1036 1986 et
1044 1937 1106 1986 redi·

59 2016 127 2065 unde
139 2026 205 2080 peras
214 2015 337 2063 solatium!
611 2024 660 2063 tum
671 2014 813 2079 imploranti,
824 2011 1014 2061 condonandum.
1041 2010 1106 2068 Quid

94 2091 155 2138 473.
177 2090 218 2137 Est
237 2092 327 2151 conjux,
345 2091 417 2137 tutelo
438 2091 559 2146 hominum,
611 2104 673 2144 vero,
681 2089 701 2136 si
712 2103 754 2136 nec
765 2088 842 2152 ipsum
853 2086 1009 2152 tamubjecue
1023 2085 1107 2134 adula-

56 2164 122 2227 etc.]
153 2162 248 2212 Nimius
273 2162 298 2211 in
325 2161 445 2210 adulando
466 2162 561 2218 Noster,
611 2162 680 2211 tionis
691 2162 790 2227 pretium
801 2161 895 2211 tulerit!

56 2253 136 2304 quam
145 2238 187 2301 qui
202 2253 249 2286 non
259 2236 340 2286 lectori
351 2252 465 2285 nauseam
476 2236 561 2301 sepius
