2806 5018
366 371 628 443 rnsrouuu
649 375 744 443 nra.
764 375 816 449 11.
1055 376 1122 463 iot

63 544 218 619 Interea
230 546 380 644 juvenis
397 547 549 624 furiales
567 550 692 647 regius
709 551 830 647 ignes.
860 603 862 606 ⁴

106 661 306 761 Concipit,
324 674 365 738 et
380 688 483 767 caeco
500 676 631 764 raptus
649 690 775 742 amore
792 666 894 741 furit.

61 777 201 851 Forma
217 778 355 877 placet,
373 780 582 880 niveusque
600 782 715 868 color,
734 782 897 880 flavique
914 782 1055 881 capilli,
1115 868 1119 873 ¹

112 891 268 992 Quique
285 895 415 970 aderat
431 897 536 973 nulla
551 898 674 973 factus
691 899 740 972 ab
758 908 838 973 arte
856 898 982 973 decor.

60 1009 192 1083 Verba
201 1011 365 1109 placent,
378 1023 418 1086 et
426 1036 513 1099 vox,
525 1021 565 1087 et
576 1013 680 1111 quod
691 1032 931 1111 corrumpere
941 1033 1017 1088 non
1029 1022 1115 1089 est:

113 1124 276 1223 Quoque
291 1126 411 1201 minor
423 1151 512 1226 spei
527 1138 599 1216 est,
614 1128 685 1202 hoc
699 1129 820 1225 magis
830 1128 894 1206 ille
907 1129 1025 1228 cupit.
1037 1133 1112 1206 766

58 1239 84 1313 J
87 1264 150 1315 arn
167 1242 324 1316 dederat
336 1254 489 1319 cantum
507 1244 603 1321 lucia
620 1245 853 1344 proenuntiua
871 1245 963 1331 alea,

112 1356 240 1440 Quum
257 1357 424 1432 referunt
434 1362 594 1457 juvenes
613 1360 652 1437 iu
670 1385 740 1435 sua
756 1372 881 1436 castra
896 1361 1047 1459 pedem.

61 1472 242 1571 Carpitur
258 1473 436 1548 attonitos
454 1476 622 1551 absentis
641 1477 803 1575 imagine
821 1501 956 1552 sensus

112 1587 207 1662 llle:
237 1589 448 1663 recordanti
466 1592 576 1689 plura
592 1594 790 1691 magisque
809 1594 972 1693 placent.
1036 1595 1110 1665 770

62 1704 129 1777 Sic
147 1704 268 1780 sedit:
296 1706 352 1780 sic
369 1708 474 1782 culta
489 1707 584 1784 tuit:
613 1711 668 1785 sic
683 1712 844 1785 stamina
861 1709 982 1785 nevit:
1155 1715 1157 1718 ’

112 1819 309 1917 Neglectae
327 1823 426 1897 collo
443 1825 497 1900 aie
511 1828 664 1924 jacuere
681 1851 813 1902 comoe.

60 1935 145 2011 Hos
163 1938 296 2011 habuit
311 1941 436 2013 vultus
453 1966 461 2016 :
490 1942 571 2017 liaeo
586 1943 640 2015 illi
657 1943 773 2016 rerba
789 1940 913 2016 fuere:

112 2051 188 2126 Hic
201 2053 327 2139 decor,
347 2055 427 2129 haec
445 2055 573 2144 facies,
588 2058 650 2131 hic
668 2058 772 2130 color
790 2057 864 2130 oria
882 2065 976 2130 erat.

61 2165 118 2242 Ut
136 2169 273 2243 soleta
288 2191 426 2267 magno
443 2172 581 2246 fluctus
599 2173 843 2269 languescere
861 2171 977 2258 flatu;
1033 2172 1106 2244 776

113 2284 192 2357 Sed
208 2296 336 2358 tamen
353 2310 376 2359 a
392 2301 515 2373 vento,
535 2288 601 2386 qui
619 2287 702 2376 luit,
722 2289 824 2363 unda
841 2296 982 2361 tumet:

92 2501 151 2549 761.
168 2499 273 2548 Exornat
291 2516 364 2566 usque
386 2501 418 2550 ad
439 2518 490 2552 ver.
502 2504 559 2552 779.
608 2505 716 2552 ruborem
732 2503 811 2559 refert,
823 2502 864 2568 qui
880 2518 925 2551 noo
940 2501 1037 2550 tuerita
1052 2501 1108 2551 luco

57 2575 124 2640 qnod
146 2572 227 2623 Livius
243 2575 345 2624 tenuiter
366 2583 461 2624 uarmt:
490 2583 507 2604 “
520 2575 558 2625 Ibi
609 2585 633 2625 et
642 2576 772 2642 pigmento,
784 2577 827 2625 aed
839 2575 961 2626 naturalia.
986 2572 1108 2640 Etplures

56 2650 158 2697 Sextum
171 2647 327 2710 Tarquinium
345 2648 408 2696 mala
423 2648 497 2698 libido
511 2651 558 2698 Lu·
608 2652 680 2698 MSS.
697 2651 786 2699 habent
801 2652 871 2699 color.
904 2650 951 2698 Sed
969 2653 1045 2707 decor,
1065 2650 1106 2715 qui

56 2721 141 2772 merie
153 2719 254 2786 pervim
264 2721 399 2786 stuprandae
410 2724 489 2787 capit:
508 2732 558 2772 tum
608 2739 662 2771 mox
678 2740 729 2773 ver.
745 2725 803 2772 774.
819 2739 834 2772 a
850 2723 926 2781 vultu,
945 2723 1015 2780 facie,
1030 2724 1108 2774 colore

55 2797 142 2852 tome,
152 2801 204 2844 tum
215 2802 321 2859 spectata
335 2796 434 2844 certitas
448 2796 559 2845 incitat.'’
609 2794 695 2846 diserte
711 2796 871 2862 distinguitur,
881 2797 907 2845 iu
922 2796 1015 2853 habitu,
1030 2806 1108 2862 gestu,

55 2869 152 2923 Melam
159 2868 226 2916 illam
233 2866 356 2916 libidinem
364 2869 560 2934 Noatergraviter
609 2878 674 2918 motu
689 2869 792 2936 corporis
807 2870 918 2920 cernitur.
951 2870 1015 2919 Vide
1027 2871 1109 2922 Beotl.

49 2943 307 3008 smmlnigmvocat.
314 2942 405 3004 Raptus
411 2941 560 3008 iatiaignibus
608 2943 639 2991 ad
654 2944 740 2993 Horat.
756 2943 801 2994 IV.
813 2943 862 2993 Od.
873 2942 923 2992 xiii.
938 2943 976 2994 17.
990 2943 1032 2993 ubi
1046 2947 1107 2994 color

55 3016 144 3066 nolio·
150 3013 269 3071 convenit,
280 3029 351 3079 quam
363 3024 441 3078 ruptas
452 3016 559 3067 aliorum.
608 3019 718 3066 etdeceru
727 3027 809 3066 nutus.
826 3017 874 3067 Hic
885 3033 980 3080 quoque
988 3016 1060 3066 decor
1068 3035 1107 3066 nr·

91 3091 149 3141 763.
165 3090 250 3138 Forma
259 3088 330 3155 hujus
344 3100 457 3138 matrone
470 3091 559 3156 pendet
609 3093 668 3139 tibus
678 3091 869 3156 comparabatur.
886 3089 951 3137 Vide
959 3087 1013 3136 Art.
1026 3090 1107 3139 Amat.

55 3163 323 3228 aeriticommjudicio.
355 3164 468 3229 Namque
482 3167 507 3212 1⁰
517 3181 560 3230 pro
608 3162 642 3210 iii.
660 3165 708 3212 25⁷
725 3179 780 3228 nqq.
816 3163 882 3216 Quod
898 3178 1042 3224 corrumpere
1060 3180 1106 3212 non

54 3243 251 3303 namuurum:
261 3236 484 3302 Vatie.viurmque‚·
503 3239 558 3289 hinc
607 3236 760 3295 armenica,
779 3236 863 3301 pudor.
896 3234 1007 3284 leonius:
1026 3237 1107 3301 placet

52 3312 142 3364 rteinr.
157 3310 275 3360 rodebat
299 3314 423 3375 riemanr
447 3313 558 3377 equidem
607 3309 713 3367 iueaii,
721 3308 999 3376 quodrecorrumpinon
1006 3309 1106 3375 patitur.

54 3386 116 3439 ru'bil
139 3392 213 3434 muto.
255 3385 291 3433 2⁰.
312 3384 380 3433 Flavi
406 3389 486 3448 capilli
511 3401 558 3435 non
639 3386 696 3433 767.
716 3385 815 3433 Cautum
831 3387 896 3441 dara
912 3391 1009 3433 cautum
1025 3385 1104 3444 odere,

52 3462 154 3528 pluunt
176 3460 258 3510 Burni.
279 3459 336 3524 quia
356 3459 511 3509 meretriculis
533 3470 557 3509 et
607 3467 634 3507 ut
648 3458 736 3508 Tibull.
753 3458 899 3507 111.iv.40.
933 3457 1019 3507 Gallus
1033 3470 1106 3509 contu

52 3535 189 3588 libidinosis
201 3535 340 3584 mulieribur
354 3551 369 3584 a
383 3535 458 3600 poetis
468 3534 557 3585 adacti·
605 3548 649 3580 suo
659 3539 675 3559 “
684 3547 783 3581 evocare
793 3532 910 3580 Auroram
919 3530 935 3552 ”
950 3529 1038 3581 dieitur
1050 3534 1105 3584 Me·

51 3611 161 3670 butun
177 3609 258 3674 itaque
271 3610 428 3659 mavultcum
445 3609 556 3660 unocod.
606 3605 777 3655 amitttat.
810 3605 870 3653 Mox
885 3604 921 3653 ria
935 3604 1067 3671 phantasia
1081 3617 1106 3658 et

52 3684 142 3735 Boin.
158 3686 266 3751 nigrique
284 3686 372 3746 capilli,
392 3693 419 3733 ut
437 3684 472 3732 ita
488 3685 556 3733 niveo
605 3679 703 3745 impura
729 3678 834 3728 libidinis
859 3676 978 3727 vedaaime
1003 3687 1105 3732 notatur.

51 3758 102 3808 nri·
113 3756 186 3807 colori
200 3756 283 3822 capilli
296 3751 361 3821 nigri
364 3757 442 3822 juncti
452 3755 556 3806 efficiant
608 3753 678 3815 cami
691 3769 766 3801 more
779 3761 821 3802 aut
838 3755 892 3818 igne
909 3752 1010 3802 formula
1024 3755 1104 3820 obvia.

51 3827 253 3880 emendatuiime
264 3829 344 3878 forma
355 3829 438 3880 decus.
466 3832 554 3896 Papo!
605 3826 720 3876 Enmdem
732 3824 779 3875 vim
791 3828 900 3889 ramundi
913 3825 1018 3876 habebat
1032 3827 1104 3878 etiam

50 3902 160 3953 Ovidius
175 3910 256 3951 tamen
272 3909 297 3952 et
314 3902 408 3969 pudicit
420 3903 496 3968 slavor
514 3919 554 3952 ca·
605 3898 1015 3966 imagacogitntiomulieriiamate.
1023 3900 1105 3950 Etiam

48 3976 126 4043 pitto·
143 3975 225 4026 tribuit
234 3993 242 4036 ;
258 3975 321 4025 intra
336 3995 360 4026 r.
377 3977 435 4025 609.
455 3977 555 4042 Europa
606 3975 711 4024 Remed.
722 3976 778 4024 723.
787 3975 889 4040 imagine
900 3984 966 4024 muta
976 3975 1068 4041 carpi.''
1086 4039 1087 4042 Ἴ

48 4050 139 4101 “llari
154 4048 555 4116 capilli;”Heroid.v.122.OE·
639 4050 695 4100 776.
716 4052 736 4098 Α
750 4051 826 4111 statu,
841 4057 894 4115 port
908 4049 1000 4100 ilatum.
1033 4049 1108 4098 Hauc

50 4140 119 4176 noce
139 4125 194 4190 ipsa
213 4124 355 4175 “flaventei
376 4125 479 4174 comaa'’
502 4139 558 4173 suaa
606 4123 785 4174 similitudinem
802 4139 849 4172 non
863 4123 985 4186 vulgarem
1001 4121 1104 4181 illuatrat

43 4198 157 4266 juant?
189 4199 229 4248 ³⁰.
252 4198 360 4258 Decumi
372 4233 379 4259 ¹.
387 4198 501 4264 Neapolis
526 4198 558 4247 ad
608 4197 709 4256 Gellius,
721 4197 793 4247 Noct.
803 4196 855 4245 Au.
866 4195 893 4244 ii.
903 4197 944 4244 ³0.
954 4194 996 4245 ubi
1012 4193 1043 4244 de
1060 4209 1102 4246 att·
