2806 5018
360 363 412 426 IN
439 362 599 427 OVIDII
624 363 810 428 FASTOS.
1040 364 1102 428 361

104 534 149 598 Et
169 536 194 598 si
214 535 395 618 ignominias
415 557 512 600 causa
531 535 663 619 alicujus
685 537 823 599 consulis
840 557 956 598 nomen
975 515 1100 619 publico

56 637 96 701 S.
121 637 160 701 C.
181 659 201 701 e
222 639 312 702 lastis
334 639 423 712 eradi
444 639 572 711 dicitur,
594 660 720 721 semper
743 638 773 700 bi
795 638 994 720 intelligendi
1016 650 1101 705 sunt.

59 739 197 804 Factum
218 741 276 804 hoc
295 750 364 804 erat
378 741 410 804 in
427 740 473 803 M.
491 751 524 804 et
542 742 579 804 L.
595 739 756 815 Antoniis,
772 742 829 805 sed
847 751 961 824 postea
974 743 1101 806 restitu-

57 849 146 916 tum;
174 843 258 907 idem
285 844 392 907 facere
417 844 571 927 parabant
592 844 624 906 in
648 843 785 907 Pisone:
810 844 879 908 cic.
898 844 1013 928 Philip.
1035 847 1101 910 xiii.

57 942 123 1018 12;
144 944 220 1010 Tac.
234 946 322 1010 Anu.
337 946 407 1010 III.
423 947 501 1010 xvii.
516 947 604 1010 xviii.

101 1045 175 1110 Jam
198 1048 239 1110 de
263 1048 391 1121 Ouidio,
412 1049 546 1132 ejusque
570 1070 668 1132 opera
691 1049 721 1110 in
744 1049 855 1111 Factis
880 1046 1102 1114 koleuduribus

57 1150 259 1237 explicandis
275 1161 307 1215 et
323 1152 515 1215 exornandis
532 1152 644 1235 posita.
697 1228 699 1232 ι

105 1251 221 1330 Multa,
245 1276 317 1337 quae
340 1256 372 1317 iu
396 1255 442 1318 bis
464 1254 564 1328 lastis,
588 1255 655 1325 sive
679 1263 806 1318 veteres
830 1265 919 1332 notas
940 1256 1100 1320 interdum

56 1353 319 1438 interpretatione
343 1357 516 1439 ambiguas,
540 1356 608 1419 sive
630 1357 727 1419 serias
749 1378 923 1441 earumque
950 1357 1099 1441 origines,

56 1457 128 1521 sire
148 1459 276 1522 notitias
298 1458 462 1523 historicas
483 1458 528 1521 ibi
549 1460 725 1543 adscriptas
748 1470 883 1543 spectes,
904 1461 944 1523 ob
965 1460 1101 1542 antiqui·

59 1567 160 1623 tatem
179 1561 310 1625 obscura
331 1570 422 1625 erant
440 1569 474 1623 et
497 1560 711 1643 explicatione
734 1561 929 1645 indigebunt,
946 1561 1013 1645 jam
1037 1583 1101 1625 ma·

58 1669 132 1724 ture
147 1663 335 1727 invenerant
353 1672 509 1736 auctores,
526 1663 580 1745 qui
597 1663 628 1725 in
647 1663 685 1727 iis
700 1664 899 1747 exponendis
914 1664 989 1727 data
1004 1686 1118 1747 opera¹

57 1766 179 1829 versati
200 1776 301 1844 erant.
345 1766 408 1830 Tot
430 1766 580 1830 feriarum
603 1767 739 1849 origines
762 1767 807 1830 ibi
829 1767 1003 1842 illustratas,
1024 1790 1108 1851 qua-·

59 1876 157 1932 tenus
174 1869 242 1932 lieri
260 1867 387 1954 poterat
409 1890 451 1932 ex
472 1869 661 1951 antiquitate
681 1867 826 1932 Romana
847 1870 1004 1952 repetitae,
1023 1871 1101 1934 ritus

39 1959 313 2056 ¹ceremoniasque
336 1970 528 2057 singulorum
549 1970 703 2034 festorum
724 1971 861 2033 enarrati
881 1979 916 2033 et
935 1971 1100 2055 explicati,

61 2073 207 2138 Deorum
231 2076 431 2158 antiquorum
457 2075 584 2138 nomina
608 2082 642 2136 et
667 2073 771 2137 cultus
797 2073 945 2156 expositi,
970 2074 1101 2157 templo·

58 2197 130 2239 rum
152 2178 350 2241 conditorum
371 2177 501 2244 historia
521 2178 647 2250 tradita,
666 2177 748 2240 notis
765 2174 825 2238 illis
846 2176 1020 2259 antiquitus
1040 2185 1101 2239 tra-

58 2277 130 2342 latis
153 2279 229 2363 quid
252 2279 482 2364 significaretur
504 2280 687 2353 indicatum,
707 2278 781 2340 anni
804 2279 942 2341 rationes
965 2278 1101 2343 diverse

59 2382 229 2464 expositae,
255 2404 387 2457 errores,
415 2383 470 2466 qui
498 2382 594 2465 vulgo
625 2380 940 2454 circumferebantur,
968 2380 1102 2444 discussi

58 2482 259 2567 legebantur,
281 2485 389 2556 verbo,
412 2485 563 2568 quicquid
587 2485 617 2547 iu
638 2485 676 2547 iis
695 2483 903 2546 illustratione
927 2483 1101 2567 indigebat,

57 2587 285 2649 commentario
312 2597 467 2670 perpetuo
492 2608 617 2650 omnem
640 2607 756 2649 aunum
779 2593 995 2668 persequente
1017 2607 1102 2649 com-

57 2686 335 2771 prehendebatur:
363 2710 465 2771 eoque
488 2689 589 2772 magis
613 2687 642 2750 bi
666 2688 846 2771 scriptores,
871 2688 926 2771 qui
949 2687 1000 2750 vel
1022 2710 1102 2751 com·

59 2790 224 2852 meutariic
239 2798 272 2852 et
287 2789 373 2852 libris
388 2790 601 2873 peculiaribus
616 2789 666 2852 vel
683 2789 875 2853 breuioribus
890 2789 1103 2857 adnotationi-

58 2890 127 2965 bus,
151 2912 230 2975 quas
254 2891 343 2955 fastis
369 2892 494 2975 publice
518 2891 620 2955 affixis
647 2892 841 2975 adjecerant,
868 2890 948 2977 banc
973 2913 1101 2975 operam

61 3002 266 3068 necaverant,
290 2995 330 3056 ad
350 2992 430 3057 banc
452 2993 661 3076 questionem
681 2979 854 3075 pertinent,
871 3014 968 3076 quum
989 3000 1023 3055 et
1044 2993 1103 3076 ipsi

18 3151 20 3155 ,
61 3095 216 3178 praecipui
230 3096 334 3159 fontes
349 3095 493 3158 carminis
509 3094 661 3158 Ouidiani
676 3092 872 3156 hauddubie
887 3092 1015 3155 fuerint.

103 3196 405 3260 Luculentissimum
425 3196 607 3280 exemplum
628 3195 779 3260 brevioris
799 3193 949 3276 ejusmodi
967 3193 1102 3258 adnota-

61 3299 157 3362 tionis
171 3298 203 3360 in
219 3299 427 3382 ipso'publicc
440 3320 595 3362 marmore
608 3299 777 3382 descriptas
790 3297 942 3360 habemus
953 3298 986 3360 in
1000 3298 1104 3363 Verrii

60 3401 173 3464 Fastis
187 3401 242 3479 (de
258 3402 371 3483 quibus
392 3401 491 3463 fusius
512 3400 607 3477 infra)
624 3409 658 3463 et
675 3401 715 3463 ad
731 3399 879 3462 eumdem
896 3420 1023 3482 prorsus
1038 3421 1102 3462 mc-

38 3499 42 3506 ’
59 3503 138 3566 dum
153 3504 185 3566 in
200 3504 247 3579 iis,
261 3525 342 3587 quos
353 3503 486 3566 Fuluius
498 3501 654 3575 Nobilior,
669 3499 799 3565 Catonis
816 3500 947 3583 aequalis
962 3509 995 3563 et
1009 3500 1105 3564 Ennii

59 3606 223 3670 familiaris
238 3607 270 3670 iu
288 3607 358 3669 aede
377 3606 528 3693 Herculis
543 3613 577 3668 et
595 3604 759 3668 Musarum
774 3625 792 3665 a
808 3624 841 3666 se
858 3603 987 3665 condita
1000 3602 1103 3684 (Fast.

59 3709 102 3772 vi.
124 3709 156 3771 iu
178 3707 253 3788 line)
276 3719 433 3793 posuerat,
455 3706 612 3790 simulque
637 3704 725 3768 brevi
750 3704 954 3768 annotatione
979 3703 1105 3788 adjecta

59 3811 239 3875 nominibus
259 3812 418 3894 rebusque
440 3811 577 3894 antiquis
597 3809 793 3892 explicandis
813 3829 941 3891 operam
959 3809 1104 3871 dederat.

58 3911 464 3996 Macrob.I.xii.13.qui
484 3913 606 3977 Maium
627 3923 660 3976 et
676 3914 699 3978 J
702 3915 809 3975 unium
831 3911 874 3972 ibi
895 3933 914 3973 a
934 3911 1104 3994 majoribus

64 4015 206 4078 derivari
229 4016 334 4090 tradit,
354 4024 387 4078 et
407 4016 427 4078 i.
451 4015 503 4079 13.
525 4016 565 4078 de
587 4015 826 4078 intercalatione
846 4012 929 4076 band
951 4013 1046 4075 dubie
1067 4014 1106 4074 ad

56 4119 193 4182 eosdem
208 4120 307 4182 fastos
324 4120 462 4202 respicit.
506 4120 692 4182 Laudantur
708 4120 803 4181 iidem
819 4138 838 4178 a
854 4116 1009 4179 Charisio.

107 4238 193 4283 von.
211 4238 245 4284 v.
410 4234 417 4250 ·
786 4219 847 4281 ΒΛ
