2806 5018
171 350 216 416 12
454 346 494 411 P.
518 345 673 413 0v1D11
696 343 907 411 NASONIS

174 519 366 598 Proesideo
384 518 526 593 foribus
543 518 628 591 coeli
647 541 733 592 cum
751 516 906 591 mitibus
925 514 1060 589 Horis:
1151 517 1217 587 125

226 635 273 720 lt,
292 634 390 709 redit
407 635 528 709 officio
545 634 695 732 Jupiter
712 634 794 732 ipse
813 655 919 705 meo:

174 750 269 825 lude
288 773 400 825 vocor
416 747 440 822 J
443 773 557 825 auus:
586 749 648 823 cui
664 773 781 846 quum
801 747 959 821 Cereale
977 746 1155 821 sacerdos

226 865 394 965 Imponit
410 865 542 952 libum,
562 865 758 963 mixtaque
776 864 874 938 farra
890 864 981 950 sali3

177 981 342 1057 Nomina
359 981 521 1057 ridebis:
551 982 663 1057 modo
681 1005 845 1077 namque
864 978 1060 1053 Patulcius
1077 977 1192 1064 idem,

228 1096 279 1171 Et
296 1099 409 1172 modo
426 1098 596 1173 sacrifico
616 1097 769 1171 Clusius
789 1120 853 1169 ore
869 1119 994 1174 vocor.
1154 1098 1222 1167 130

178 1212 332 1288 Scilicet
348 1213 492 1288 alterno
509 1213 627 1287 valuit
643 1211 747 1285 rudis
765 1211 829 1284 illa
844 1220 1012 1285 vetustas

228 1328 391 1404 Nomine
408 1330 575 1403 diversas
593 1326 805 1425 significare
822 1326 937 1400 vices.

176 1443 244 1518 Vis
261 1468 347 1518 mea
363 1460 512 1518 narrata
528 1454 608 1518 est:
637 1465 791 1517 causam
808 1466 907 1516 nunc
925 1441 1031 1515 disce
1048 1439 1188 1535 figurae.

226 1558 250 1631 J
252 1584 313 1633 am
330 1568 458 1635 tamen
475 1559 571 1632 hano
589 1560 717 1656 aliqua
735 1571 775 1633 tu
794 1582 947 1656 quoque
965 1567 1072 1656 parte
1088 1555 1208 1630 vides.

214 1818 268 1866 125.
287 1819 326 1867 De
337 1818 374 1866 his
386 1819 457 1868 Horis
467 1820 594 1876 Homerus,
603 1819 635 1868 Il.
647 1824 677 1869 Β.
726 1820 816 1869 Janum
827 1815 967 1866 Patulcium
978 1821 1003 1864 et
1013 1813 1155 1874 Clausinm3
1170 1812 1226 1878 quis

178 1891 234 1941 ⁷⁴9.
246 1892 286 1941 ubi
300 1892 329 1941 de
341 1892 415 1959 portis
432 1893 503 1943 coeli:
520 1896 550 1952 ἃς
561 1894 622 1958 ἔχον
632 1892 675 1946 Ὦ-
726 1891 790 1941 bello
798 1892 873 1940 valve
883 1890 934 1956 ejus
942 1897 1034 1955 patent,
1042 1903 1102 1952 pace
1110 1887 1225 1936 claudun·

176 1983 226 2031 ραι,
240 1969 285 2033 τῆς
295 1965 475 2032 ἐπιτέτραπται
484 1967 562 2034 μέγας
571 1968 677 2034 οὐρανὸς
727 1966 789 2015 tur.”
806 1967 910 2020 Alterura,
918 1963 992 2012 altem
1000 1978 1087 2031 munus
1095 1958 1226 2027 aperiendi,

177 2040 343 2106 odlnprrdors,
358 2039 435 2107 Ἢμὲν
452 2042 589 2094 ἀνακλῖναι
606 2060 677 2093 svst-
726 2042 800 2090 altero
810 2038 945 2089 claudendi.
970 2036 1224 2093 Heins.melebat,al·

177 2117 225 2165 νὸν
242 2114 321 2180 νέφος,
343 2114 392 2177 ἠδ’
413 2117 542 2175 ἐπιθεῖναι,
561 2124 576 2144 “
590 2116 677 2182 quibus
730 2127 807 2164 terum
824 2118 920 2170 diverso,
937 2112 1001 2177 quod
1017 2112 1129 2176 placebat
1145 2111 1226 2160 Tenb-

178 2189 328 2237 commissum
339 2197 375 2237 est
385 2205 497 2253 maguum
508 2189 642 2246 coelumne
652 2196 677 2237 et
727 2205 790 2238 nero.
815 2188 924 2236 Alterum
935 2194 970 2235 cst
980 2183 1129 2249 exquisitius.
1157 2185 1228 2242 Vires,

180 2262 290 2325 speriant
300 2261 398 2311 densam
409 2264 496 2310 nubem
507 2271 531 2310 et
539 2262 677 2311 claudant?
728 2278 834 2319 munera,
845 2279 899 2326 quse
909 2278 951 2327 per
962 2261 1026 2309 vices
1036 2268 1150 2323 aguntur.

180 2333 281 2398 Nempe,
292 2334 405 2397 probante
416 2334 518 2397 Heyuio,
528 2335 612 2382 effictae
623 2343 679 2383 suut
762 2337 817 2385 133.
837 2337 882 2392 Vis,
892 2335 1011 2384 officium:
1029 2350 1058 2383 ex
1076 2333 1120 2382 lroc
1137 2342 1163 2382 tu
1175 2334 1227 2399 jsrn

180 2423 208 2456 ex
228 2407 284 2455 anui
296 2405 495 2464 conversionibus,
506 2408 583 2472 iisque
600 2408 679 2457 suevi·
729 2409 901 2476 quodammodo
921 2417 1005 2475 sponte
1028 2423 1125 2457 causam
1146 2408 1227 2472 figure

181 2490 217 2530 ter
232 2480 388 2529 ministerium
401 2480 431 2529 ad
447 2481 507 2530 sores
519 2482 576 2531 coeli
588 2482 678 2532 datum.
728 2500 787 2533 mess
815 2498 951 2547 cognosces.
991 2483 1107 2543 Populum
1133 2491 1229 2543 spectat.

182 2554 228 2602 Pro
237 2554 325 2603 foribus
335 2555 368 2603 ibi
379 2557 454 2604 nubes
464 2554 567 2604 obditur.
598 2556 680 2605 Genus
728 2573 797 2608 versa
819 2566 856 2607 est
879 2557 909 2605 ad
932 2557 1030 2621 plateas.
1063 2554 1180 2603 Innitens
1203 2555 1228 2603 in

181 2636 207 2677 et
227 2629 322 2677 uomina
346 2644 428 2676 earum
452 2629 542 2677 habent
562 2629 680 2680 Hesiodus
728 2632 795 2681 sditu
805 2631 892 2680 redium
902 2631 965 2678 inter
975 2629 1037 2678 duas
1047 2629 1109 2678 t'ores
1120 2630 1156 2679 vel
1167 2632 1227 2678 rede·

181 2702 273 2766 Ὴιεος.
285 2704 330 2751 901
342 2720 349 2762 3
360 2703 470 2767 Orpheus
482 2703 507 2751 h.
518 2706 557 2752 42.
578 2704 611 2761 It,
620 2708 679 2753 redit
728 2709 791 2762 bunt,
807 2707 843 2755 vel
860 2705 965 2760 stabant,
976 2704 1015 2752 rel
1032 2704 1168 2764 cubabant;
1184 2705 1228 2753 Sa·

182 2776 296 2824 Heinsius
311 2792 324 2824 e
344 2777 398 2824 MS.
412 2776 528 2826 Vossiano
545 2785 569 2825 et
588 2787 679 2843 septem
728 2780 835 2844 gittsrius
843 2780 873 2828 de
881 2779 966 2828 Jauuis
974 2794 1012 2842 ep.
1023 2778 1060 2825 16.
1077 2778 1231 2827 Burmannus

181 2849 235 2898 aliis
259 2849 376 2906 assumsit,
404 2865 446 2914 pro
474 2850 505 2898 Et
525 2853 593 2907 redit,
616 2852 679 2916 quod
728 2863 806 2918 putat,
818 2853 950 2901 interiorem
968 2851 1052 2900 domus
1068 2860 1171 2916 partem,
1185 2852 1228 2899 nbi

182 2923 263 2988 scripti
270 2923 376 2988 plerique
385 2924 520 2988 praeierunt.
536 2925 601 2974 Olim
609 2926 680 2990 vulgo
725 2927 810 2992 jenua,
822 2943 869 2975 non
882 2934 946 2974 recte
961 2928 1060 2986 prienam
1075 2934 1160 2973 tectum
1173 2923 1231 2974 dici.

183 2997 215 3046 Et
226 2999 285 3045 redit
295 2996 368 3060 officio
375 2996 477 3058 Jupiter,
485 3002 547 3060 itque
554 3015 609 3055 meo,
617 2998 680 3062 quod
731 3001 836 3065 Conjicit
854 3000 925 3063 igitur
942 2998 980 3048 hic
999 3015 1093 3064 quoque
1111 3001 1182 3060 priai,
1201 3008 1229 3049 nt

181 3071 285 3137 ὕστερον
312 3071 434 3136 πρότερον
461 3088 509 3120 non
536 3072 680 3137 infrequens.
730 3075 816 3123 domus
843 3075 940 3139 privatae
971 3081 1050 3122 custos
1080 3083 1232 3137 comparetur

182 3145 295 3196 Heinsius
311 3154 388 3211 putat,
401 3145 515 3195 Ovidium
531 3145 570 3195 hic
587 3161 680 3211 respex-
730 3149 801 3198 leno.
822 3149 899 3196 Immo
910 3163 924 3196 a
935 3163 1040 3195 sermone
1051 3147 1144 3211 poetico
1154 3147 1232 3212 prima

182 3221 227 3271 isse
241 3220 272 3269 ad
283 3229 378 3285 etymon
389 3221 497 3278 nominis,
509 3236 582 3285 quum
597 3220 681 3269 Cicero
720 3211 785 3287 ¹pars
798 3221 831 3269 rei
845 3230 909 3270 recte
920 3225 994 3282 priam
1008 3237 1043 3268 res
1058 3219 1155 3268 dicitur.
1189 3220 1230 3270 Its

182 3296 271 3346 anum
282 3295 401 3343 abeundo
414 3296 505 3343 Εαηιιηι
516 3295 607 3345 dictum
619 3294 681 3344 exis·
729 3300 829 3357 primum
844 3311 892 3351 ver,
904 3298 991 3356 primus
1001 3296 1033 3343 sol
1046 3303 1072 3343 et
1086 3294 1231 3344 mutuatis.

182 3368 260 3416 timet.
292 3367 350 3416 Vid.
369 3369 509 3432 Sagittarius
533 3370 563 3418 de
584 3369 680 3420 Januis.
731 3368 930 3419 Contentum.
942 3368 1229 3430 ubiprimcaedesoccur·

183 3440 216 3488 Et
225 3439 260 3488 sic
270 3439 402 3502 putandum
416 3442 555 3496 est,siinde
565 3443 637 3489 refers
650 3441 680 3490 ad
731 3452 794 3492 runt.
830 3444 954 3504 Prospicio.
988 3441 1109 3499 Meliores,
1133 3450 1231 3490 notante

184 3513 256 3562 verba
266 3515 294 3567 s't,
305 3515 374 3561 redit.
405 3514 453 3562 Sed
471 3523 548 3578 potest
562 3516 635 3564 etiam
650 3515 680 3563 sd
731 3515 1232 3578 Heinsio‚perspicio;sedprospieio,inlos-

182 3585 380 3651 presideosoridns
387 3587 466 3635 referri
473 3596 497 3636 et
505 3588 579 3636 multo
586 3588 682 3647 rectius,
731 3589 846 3654 ginquum
861 3599 951 3654 specto,
963 3606 1045 3639 verum
1061 3598 1107 3639 est.
1138 3591 1230 3647 Partes,

184 3658 243 3725 quia
261 3674 309 3708 nou
324 3659 402 3709 Janus
422 3662 470 3708 iens
490 3659 621 3717 inducitur,
639 3662 682 3712 scd
732 3661 804 3724 regio.
836 3665 916 3720 Quum
934 3664 988 3712 Dea
1004 3666 1086 3720 triceps
1103 3663 1172 3720 adeo,
1189 3673 1232 3713 snt

184 3732 287 3797 Jupiter.
304 3732 391 3780 Noster
399 3749 438 3780 eos
445 3733 524 3796 potius
534 3743 629 3783 secutus
638 3743 682 3793 est,
732 3734 841 3784 triformis
860 3735 985 3786 haberetur
1002 3737 1094 3785 Hecate
1113 3736 1138 3785 in
1157 3737 1234 3786 triviis

186 3806 273 3872 quibus
283 3808 360 3855 Jonas
375 3822 390 3856 a
399 3812 479 3869 janue
495 3807 574 3857 dictus
584 3808 681 3858 uideba—
732 3807 805 3866 culta,
826 3824 873 3856 non
898 3810 960 3858 male
981 3810 1023 3858 illa
1047 3810 1234 3875 comparationis

184 3880 516 3946 tumquiajanuispueesset.
550 3883 683 3948 Cui,cujus
731 3896 804 3929 causa
824 3890 860 3930 eet
881 3882 997 3934 adhibita.
1030 3884 1119 3932 Praeter
1137 3884 1189 3940 has,
1207 3895 1233 3935 et

184 3952 262 4002 elteri.
302 3954 402 4011 Libum
430 3953 525 4003 Festus:
556 3957 681 4014 '‘Jauual,
733 3953 1183 4022 sliaecausecommemoremurqusre
1193 3958 1232 4006 bi-

184 4027 227 4077 libi
248 4043 330 4091 genus,
351 4027 415 4092 quod
437 4029 502 4078 Jauo
520 4031 683 4081 tantummodo
732 4031 1234 4097 ceszsnus3inprimislrac,quod.lauus

184 4100 297 4151 libatur.”
326 4101 455 4158 Patulcius,
465 4112 512 4153 etc.
536 4104 615 4152 Etiam
626 4104 681 4154 Ma·
731 4105 934 4169 rexetprseterits
945 4104 1047 4163 sciverit,
1055 4113 1080 4154 et
1088 4106 1167 4155 lutura
1176 4122 1232 4170 pro·

186 4175 251 4224 crob.
284 4183 302 4203 ‘¹
311 4176 340 4225 In
352 4175 424 4228 sacris
437 4192 531 4241 quoque
545 4178 681 4228 invocamus
732 4175 825 4226 viderit.
