2806 5018
327 356 587 423 Fssrnnntr
610 357 700 422 ΠΒ.
726 357 769 420 V.
1020 358 1088 426 Μ·

148 531 305 627 aliquis
324 532 431 617 solio,
452 531 554 628 quod
573 541 626 616 tn,
649 530 823 616 Saturne,
843 531 1014 619 tenebas,

148 672 212 720 sus
230 648 277 720 de
296 647 421 720 media
438 648 551 744 plebe
570 647 702 720 sedere
720 647 827 720 deus.
1034 653 1084 720 20

148 773 212 836 tus
223 761 379 836 Oceano
399 763 602 859 qnisquam
620 763 713 835 deus
732 763 879 836 advena
888 763 1037 859 junxit3

148 880 230 977 thys
249 891 288 953 et
305 891 473 953 extremo
492 902 593 975 saepe
612 889 765 974 recepta
782 879 965 952 locoest:

148 1018 169 1066 c
186 993 329 1080 Honos,
345 996 572 1092 placidoque
586 995 726 1067 decens
742 993 969 1066 Reverentia
981 994 1088 1068 vultu

148 1134 260 1208 rpora
274 1111 449 1206 legitimis
468 1111 681 1206 imposuere
696 1110 799 1181 toris.

151 1226 448 1322 sataMajestas3
469 1225 1014 1321 hosestdeacensaparentes3
1037 1228 1088 1297 25

148 1365 250 1437 ,aque
268 1342 331 1415 die
349 1352 457 1439 partu
475 1351 535 1414 est
552 1341 666 1427 edita,
686 1340 921 1436 mngna‘fuit.

148 1479 264 1542 mora3
294 1457 466 1531 consedit
483 1458 607 1530 medio
624 1456 801 1530 sublimis
814 1456 981 1556 Olympo

148 1596 226 1657 rea,
247 1595 435 1668 purpureo
452 1572 720 1669 conspicienda
736 1574 834 1646 sinu.

148 1687 259 1761 edere
272 1689 388 1761 ‘simul
407 1688 546 1772 Pudor,
566 1699 605 1762 et
624 1688 774 1762 Metus:
803 1713 915 1762 omne
933 1688 1078 1762 videres

148 1826 244 1875 tmen
262 1803 311 1874 ad
328 1804 423 1875 hanc
443 1804 567 1875 cultus
585 1804 844 1901 composuisse
861 1827 963 1876 suos.
1037 1808 1087 1875 30

148 1941 218 1990 nus
237 1918 387 1990 intravit
401 1930 547 1992 mentes
566 1931 766 2016 suspectus
784 1920 988 1991 bonorum:

148 2031 330 2130 :pretinm
348 2033 493 2129 dignis3
523 2058 593 2107 nec
612 2036 682 2106 sibi
701 2035 863 2132 quisque
881 2034 1020 2130 placet.

148 2207 341 2256 'emmillacoeli
354 2209 537 2257 domiciliorum·
587 2211 649 2258 inter
671 2210 770 2258 comites
792 2209 887 2257 Marcia
910 2224 982 2257 censa
1005 2207 1086 2264 suas,”

148 2281 229 2329 nodum
238 2281 366 2346 descriptio
375 2283 469 2330 Saturni
479 2292 539 2330 tem-
588 2284 672 2332 babuit
686 2284 746 2332 inter
763 2283 870 2333 comites.
902 2283 941 2331 Ita
960 2291 986 2331 at
1003 2281 1087 2332 Cicero

148 2354 212 2404 idum
222 2364 286 2413 erat;
305 2371 381 2420 neque
395 2372 409 2403 a
424 2357 485 2420 regis
498 2356 538 2404 do·
590 2373 630 2421 pro
640 2358 658 2403 F
660 2358 704 2404 lac.
716 2358 756 2404 ³2.
764 2366 788 2404 et
798 2354 865 2403 alibi.
901 2355 968 2403 Male
979 2355 1051 2419 igitur
1063 2363 1088 2403 et

148 2428 182 2476 ins
191 2430 272 2476 remoti
281 2433 371 2477 advene
379 2429 426 2477 dici
435 2440 540 2495 possunt.
590 2431 634 2478 boc
645 2429 697 2478 loco
707 2430 791 2493 interp.
802 2429 907 2494 quidam,
914 2437 939 2477 et
951 2428 1045 2494 Lipsius
1055 2427 1086 2477 nd

148 2518 195 2550 nus
205 2503 309 2566 legeret:
330 2505 361 2551 Et
373 2507 433 2551 bitus
441 2505 539 2559 Oceano,
589 2504 665 2552 Taciti
677 2505 792 2553 Annali.
804 2508 828 2552 5.
841 2511 961 2568 putarunt,
967 2503 1088 2567 passivum

161 2579 216 2623 deus
233 2579 331 2632 aduena,
347 2580 439 2639 junxit,
459 2576 542 2625 addita
591 2580 676 2625 censeri
693 2576 747 2643 poni
767 2592 809 2642 pro
827 2577 914 2625 activo.
944 2575 1008 2624 Vide
1027 2577 1088 2625 Gro-

148 2651 303 2713 rpretatione:
321 2649 379 2697 licet
390 2660 413 2698 et
427 2651 540 2698 essetmi-
592 2650 654 2698 novii
670 2652 730 2700 Oba.
748 2651 780 2697 iv.
798 2651 823 2697 3.
864 2650 958 2713 Quinque
976 2652 1022 2704 dis,
1039 2655 1089 2698 etc.

148 2723 252 2787 gentium
272 2733 296 2770 et
318 2724 453 2772 adscititius
474 2724 541 2788 quasi
592 2724 685 2788 Nempe
702 2723 813 2788 majestas
830 2738 876 2770 non
891 2721 976 2770 crescit
990 2723 1022 2770 ab
1036 2720 1088 2768 exi·

148 2796 165 2843 ri
182 2795 252 2859 longe
264 2805 327 2844 stare
344 2798 374 2844 ab
387 2799 486 2844 Oceano
499 2797 541 2845 de·
591 2796 643 2860 guis
659 2796 741 2843 initiis.
777 2796 860 2851 Medio,
872 2795 897 2844 in
911 2810 965 2843 arce
980 2792 1088 2858 Olympi,

148 2868 195 2916 affit
205 2870 247 2917 ille
262 2879 342 2917 tamen
354 2870 436 2918 eodem
451 2870 541 2925 ordine,
592 2870 646 2918 inde
657 2873 766 2918 mitioris.
799 2871 885 2925 Arum,
896 2879 945 2917 etc.
957 2869 987 2917 de
997 2868 1042 2916 boc
1050 2882 1088 2915 or·

148 2957 229 2991 nanus.
265 2944 365 3002 Recepta
381 2955 420 3000 est,
433 2944 502 2992 sedes
519 2944 541 2991 ei
592 2954 650 2993 natu
662 2945 716 2993 vide
729 2944 759 2993 sd
770 2944 796 2992 ii.
810 2946 866 2992 310.
881 2944 921 2992 obi
937 2944 1032 2991 Μαοηίσ
1045 2959 1088 2989 ou·

148 3024 183 3070 at,
194 3019 285 3064 eaeteris
293 3017 343 3081 jam
355 3017 541 3065 considentibus.
591 3029 642 3065 roto
652 3021 809 3079 conspicimrdo
820 3021 880 3065 sistri.

148 3090 184 3137 il.
206 3089 325 3136 Paulatim
349 3093 431 3138 bonore
455 3092 541 3138 afficie—
624 3093 664 3139 29.
678 3090 726 3147 Qui
737 3091 861 3154 majestate
872 3097 969 3137 ornatos
980 3100 1086 3143 est‚oum

158 3172 333 3227 swerenterque
353 3164 492 3212 colebantur
510 3164 543 3211 dii
593 3174 698 3213 metuant
717 3162 806 3218 cuncti,
826 3163 851 3210 id
875 3171 919 3218 est,
941 3169 1088 3217 reverentur,

148 3251 183 3284 tos
197 3245 222 3283 et
236 3237 324 3285 meritis
337 3238 455 3300 insignem
473 3249 544 3302 atque
593 3254 670 3286 coram
682 3237 800 3286 eotiment
811 3236 901 3300 aliquid
914 3235 990 3284 iacere
1001 3237 1096 3295 perdere

148 3319 195 3358 aas
204 3310 252 3358 illis
264 3312 377 3370 accessit;
395 3328 423 3359 er
434 3312 479 3359 hae
491 3327 544 3359 sen·
594 3311 691 3374 dignum
701 3329 707 3369 ;
722 3309 814 3364 Livius,
827 3309 883 3357 xrii.
891 3312 921 3356 ³:
938 3316 953 3336 ⁴¹
964 3306 1089 3356 nonmodo

149 3385 265 3448 preclara
295 3386 407 3449 allegoria
436 3386 544 3433 effloruit.
596 3385 692 3431 Petrum
710 3383 850 3447 majestatis,
871 3382 913 3430 sed
938 3398 967 3430 ne
991 3381 1088 3430 deornm

148 3463 187 3506 nio
198 3460 259 3507 bene
272 3459 427 3518 describitur;
445 3461 466 3508 ei
480 3460 542 3508 enim
595 3458 690 3522 quidem
708 3457 766 3506 satis
783 3456 916 3504 metuens.”
952 3456 1016 3503 Hinc
1035 3450 1089 3502 Μοέ

148 3550 152 3578 r
173 3535 251 3580 orrum
276 3534 394 3588 convenit,
414 3533 481 3597 isque
505 3536 544 3581 de·
586 3535 670 3592 jectan·
681 3531 784 3579 assident
796 3530 1000 3578 Praeconinus
1027 3528 1089 3576 Ien-

148 3607 262 3672 [nemdam
276 3607 395 3655 conciliat.
431 3607 497 3654 Toros
513 3610 543 3654 ie·
595 3605 643 3654 zius
654 3614 776 3669 comparat
786 3603 961 3670 Hesiodi'Epy.
971 3604 1033 3663 2003
1048 3601 1089 3650 ubi

178 3680 278 3727 Ienzius
290 3680 402 3742 intelligit
416 3680 490 3728 lectos
504 3681 545 3727 tri·
594 3677 673 3736 Αἰδὼς
681 3679 722 3726 troi
728 3676 839 3742 Νέμεσις,
847 3678 927 3726 Pudor
936 3685 961 3725 et
971 3675 1091 3732 Nemesis,

148 3769 151 3799 t
177 3769 220 3816 pro
247 3769 289 3801 sun
315 3753 401 3817 cuique
429 3753 545 3816 dignitate
596 3752 684 3800 relictis
695 3752 836 3809 bominibus,
844 3752 901 3801 deos
911 3752 1009 3802 adeunt.
1027 3749 1091 3799 Con·

148 3834 224 3875 entes.
251 3827 345 3882 Putem,
355 3827 391 3873 iris
402 3828 479 3875 verbis
490 3843 545 3875 con·
596 3828 630 3875 fer
651 3827 680 3874 ad
699 3841 792 3876 versum
808 3828 848 3876 45.
889 3828 980 3881 Cultor,
1000 3825 1026 3874 id
1047 3833 1091 3881 est,

148 3915 157 3947 r
185 3900 325 3962 legitimum,
348 3901 483 3965 eonjugium
505 3901 545 3948 de·
595 3900 702 3954 vestitus,
719 3898 879 3947 benedicitur
895 3901 1010 3960 componi5
1027 3897 1091 3945 Plio.

161 3974 315 4026 Hinc.exeo
330 3975 546 4030 matrimonio,sota
596 3973 628 4020 iv.
646 3974 691 4038 Ep.
710 3972 742 4020 xi.
757 3975 788 4020 3:
811 3981 829 4001 ⁶⁴
839 3974 966 4038 Postquam
984 3987 1010 4020 se
1026 3985 1090 4019 conr·

148 4060 169 4095 s.
204 4047 295 4095 Conseri
306 4049 403 4109 aliquid,
414 4048 438 4094 in
450 4064 546 4096 censum
596 4047 682 4111 posuit,
693 4047 907 4112 circumspexitque
919 4045 1051 4094 habitum.”

169 4129 242 4184 atque
269 4120 328 4169 adeo
354 4121 481 4185 possidere,
503 4121 544 4169 ha·
628 4123 670 4169 31.
688 4122 816 4182 Suspectus,
828 4120 962 4169 admiratio.
990 4119 1091 4173 intrare,

148 4209 178 4241 es
199 4195 220 4240 l.
240 4195 321 4248 Ponto,
338 4193 362 4240 ii.
385 4197 441 4242 138:
469 4202 485 4223 ¹‘
504 4195 546 4242 Est
596 4204 622 4242 ot
643 4194 846 4249 alintummas
865 4194 901 4248 iis,
917 4207 970 4256 quaa
986 4191 1092 4239 oriuntnr
