2806 5018
647 393 750 460 lBlS.
1160 399 1228 462 ⁵1³

172 565 278 639 Aera
294 567 326 638 si
343 565 460 638 misso
477 589 637 640 vacuum
650 568 868 664 jaculabere
885 569 1003 655 disco,

225 678 311 765 Quo
329 704 422 778 puer
439 681 649 767 OEbalides,
667 681 765 755 ictus
784 683 832 757 ab
850 685 941 757 orbe
959 684 1087 757 cadas
1147 687 1222 758 590

173 794 214 867 Si
235 820 313 892 qua
328 820 396 894 per
414 797 575 869 alternos
593 797 804 894 pulsabitur
821 798 924 871 unda
940 800 1114 885 lacertos,

225 909 361 984 Omnis
377 911 564 1009 Abydena
583 911 632 984 sit
648 911 717 984 tibi
734 913 840 1009 pejor
857 936 968 1010 aqua.

171 1027 352 1101 Comicus
371 1039 412 1100 ut
430 1028 564 1104 mediis
582 1028 702 1125 periit,
721 1030 812 1101 durn
831 1031 956 1116 nabat,
976 1031 1014 1102 in
1034 1031 1157 1114 undis,

226 1142 277 1216 Et
295 1154 361 1217 tua
378 1144 431 1217 sic
453 1144 610 1242 Stygius
629 1146 837 1241 strangulet
854 1169 920 1219 ora
935 1145 1078 1243 liquor:

172 1258 253 1330 Aut
271 1259 334 1332 ubi
353 1272 549 1332 ventosum
568 1261 755 1357 superaris
773 1262 973 1358 naufragus
991 1286 1131 1360 aeqnnr,
1147 1266 1221 1336 595

228 1373 413 1447 Contacta
430 1398 575 1472 pereas,
595 1385 637 1446 ut
653 1374 867 1464 Palinurus,
887 1378 1013 1450 humo.

176 1488 309 1585 thue
326 1491 590 1563 cothurnatum
607 1502 732 1565 vatem
749 1494 869 1567 tutela
887 1492 1032 1580 Dianae,

229 1604 423 1679 Dilanient
438 1607 591 1702 vigilum
609 1618 647 1680 te
666 1632 818 1705 quoque
836 1610 946 1682 turba
963 1633 1111 1683 canum.

174 1720 255 1794 Aut
272 1733 313 1795 tu
331 1721 545 1795 Trinacrius
564 1722 677 1796 salias
695 1747 809 1821 super
826 1748 892 1798 ora
908 1726 1083 1821 gigantis,

226 1835 395 1911 Plurima
413 1862 488 1935 qua
505 1838 676 1912 llamrnas
696 1839 843 1912 Sicanis
861 1839 974 1914 AEtna
990 1842 1117 1915 vomit.
1146 1845 1221 1915 600

176 1953 442 2054 Diripiantque
459 1967 544 2029 tuos
561 1956 703 2029 insanis
721 1956 909 2050 unguibus
927 1968 1029 2030 artus

227 2071 452 2170 Strymoniae
469 2083 622 2157 matres,
643 2071 816 2169 Orpheos
834 2096 917 2146 esse
935 2084 1037 2145 ratae.

173 2187 300 2274 Natus
318 2198 360 2260 ut
378 2187 534 2261 Althaeae
553 2187 714 2261 flammis
732 2189 952 2262 absentibus
970 2189 1074 2273 arsit,

228 2303 292 2376 Sic
310 2314 396 2376 tuus
415 2303 589 2377 ardescat
606 2304 745 2402 stipitis
764 2306 850 2400 igne
868 2328 994 2400 rogus.

175 2418 233 2491 Ut
243 2442 339 2492 nova
351 2417 537 2493 Phasiaca
549 2445 772 2519 comprensa
785 2432 843 2495 est
853 2431 973 2519 nupta
985 2442 1134 2507 corona,
1147 2422 1220 2493 605

226 2533 359 2631 thue
376 2547 483 2632 pater
500 2547 641 2633 nuptae,
661 2561 824 2634 cumque
842 2545 998 2635 parente
1016 2536 1174 2623 doruus;

176 2648 234 2722 Ut
251 2672 360 2722 cruor
378 2648 587 2724 Herculeos
606 2653 699 2725 abiit
712 2653 872 2726 diffusus
890 2653 928 2726 in
947 2664 1071 2740 artus3

228 2764 397 2863 Corpora
413 2765 632 2863 pestiferum
651 2766 705 2841 sic
722 2779 789 2840 tua
806 2768 906 2841 virus
925 2769 1025 2840 edat.

174 2996 227 3031 rore
240 2982 271 3030 ob
286 2989 393 3031 natorum
408 2979 528 3032 interitum
540 2982 565 3031 in
575 2997 675 3031 marmor
726 2982 836 3047 Eupolirn
845 2997 901 3030 vero
910 2981 971 3030 inter
981 2980 1065 3044 prisce
1076 2979 1224 3028 cornmoedie

174 3055 264 3105 dicitnr
279 3071 355 3112 verse,
365 3065 393 3104 nt
407 3056 438 3104 ab
450 3055 522 3105 Ovid.
533 3056 558 3104 in
575 3057 676 3106 Metam.
726 3057 845 3122 principes
862 3063 971 3104 numeret
987 3052 1157 3102 Placebat.
1174 3053 1225 3103 Set.

175 3129 220 3178 lib.
231 3129 264 3177 vi.
274 3129 418 3194 accepimns.
725 3130 757 3178 iv.
769 3145 817 3178 ver.
829 3131 851 3176 l.
868 3128 934 3177 Ver..
946 3128 1032 3176 Anne.

210 3205 269 3253 588.
287 3203 320 3261 Et
336 3206 400 3253 lesus
420 3205 501 3269 lingas
521 3203 626 3269 Battus]
646 3205 676 3253 ln
759 3205 817 3253 597.
849 3201 947 3266 thue]
987 3199 1121 3265 Euripides,
1150 3214 1225 3263 quens

178 3277 342 3341 Metamorph.
353 3276 378 3326 ii.
728 3276 793 3342 apud
821 3275 967 3325 Archelaum
993 3289 1072 3336 regem
1099 3282 1226 3330 coenasset,

208 3352 269 3400 590.
295 3351 346 3406 Quo
370 3351 447 3416 pum]
476 3351 635 3414 Hyacinthus,
664 3368 678 3400 a
728 3351 871 3416 domumque
887 3357 1050 3403 reverteretur,
1066 3363 1081 3396 a
1096 3346 1226 3397 canibnse

176 3425 272 3475 Pboebo
288 3423 397 3482 dilectus,
413 3424 508 3473 inludo
524 3424 584 3473 disci
603 3426 633 3473 ab
649 3440 678 3475 eo
727 3427 831 3491 quodam
846 3425 933 3475 aemulo
943 3423 1062 3479 immissis,
1073 3433 1110 3471 est
1120 3421 1225 3489 discerp—

176 3508 215 3548 est
225 3497 346 3547 extinctus
354 3515 394 3563 per
404 3497 595 3562 imprudentiam.
606 3499 677 3547 Dors-
727 3512 765 3549 tus
776 3520 783 3561 5
800 3501 856 3550 Vel.
866 3502 968 3548 Maxim.
980 3499 1022 3548 lib.
1035 3498 1069 3547 ix.
1079 3513 1133 3561 cap.
1147 3498 1185 3545 12.

209 3574 269 3623 593.
288 3572 391 3621 Comicus
408 3572 550 3635 remediis]
573 3572 677 3621 Terentii
759 3576 815 3624 602.
827 3574 980 3637 Strymonis]
991 3572 1108 3621 Mulieres
1115 3570 1224 3621 Thracio

176 3646 351 3697 comoediarum
370 3645 489 3711 scriptoris
506 3645 624 3710 significet
642 3646 677 3694 in·
729 3648 852 3713 Orpheum
863 3647 988 3696 lenierunt.
1005 3646 1038 3694 D.
1217 3688 1218 3692 ,

176 3721 285 3776 teritum,
304 3721 355 3787 qui,
375 3736 447 3785 quum
474 3734 503 3768 ex
527 3720 621 3770 Gracia
640 3737 677 3771 rs·
762 3724 819 3772 605.
842 3721 872 3769 Ur
891 3738 949 3769 nore
969 3721 1082 3770 Phasiaca
1099 3736 1227 3782 comprensa

176 3796 256 3852 diens,
274 3811 359 3844 narem
379 3795 562 3851 conscendisset,
583 3793 678 3842 naulre·
728 3807 760 3844 est
789 3794 990 3858 nupto-corona]
1020 3794 1102 3859 Eurip.
1122 3794 1226 3843 Medea:

176 3870 218 3935 gio
234 3870 312 3935 periit,
326 3879 351 3918 et
365 3885 420 3918 cnm
436 3884 464 3918 eo
481 3868 568 3917 fabule
584 3870 636 3918 108.
648 3884 678 3916 err
729 3871 806 3918 “Nec
821 3869 897 3935 potuit
910 3885 1016 3933 unquam
1033 3868 1127 3933 gravius
1144 3868 1228 3916 ulcisci

177 3942 679 3998 bhnendroconverse,interierunt.Zrn.
730 3945 813 3992 virum.
840 3944 931 3992 Ornata
941 3959 1043 4007 namque
1054 3941 1173 3991 Colchicis
1184 3941 1225 3989 do-

176 4019 317 4066 -Corsr'cus
331 4029 358 4067 ut
377 4021 464 4066 mediis.
497 4017 614 4080 Egnatius
631 4019 679 4065 Eu·
730 4021 766 4067 nis
777 4018 837 4083 perit
847 4019 953 4067 Creusa:
970 4026 1043 4065 totam
1055 4017 1151 4063 flamma
1161 4028 1226 4061 corn·
1243 4032 1261 4083 x·

176 4092 253 4160 polim
266 4092 391 4141 Comicurn
407 4090 679 4156 putarintelligi,quem
729 4091 824 4156 prendit
851 4091 956 4140 domum.
996 4089 1079 4153 Ipsum
1100 4086 1225 4135 Creontem

175 4165 243 4215 bello
260 4165 461 4231 Peloponnesiaco
481 4165 506 4213 iu
527 4165 680 4229 Hellesponto
730 4165 826 4230 corripit
841 4165 943 4229 flagrans
958 4165 1018 4216 lues,
1028 4163 1096 4209 Cere
1112 4156 1226 4223 supremis

176 4238 277 4305 periisse
297 4238 421 4302 naufragio
438 4247 529 4286 constet
548 4254 577 4286 ex
596 4237 680 4284 Suide.
731 4248 809 4303 gnate
821 4237 974 4286 inhaerentem
982 4233 1099 4283 osculis.”

217 4312 294 4361 VOL
312 4313 344 4360 V.
834 4312 848 4357 3
864 4313 886 4359 U
