2806 5018
61 339 64 343 ’
175 378 241 444 roo
572 371 831 440 menaeus

174 551 271 623 libris,
291 547 450 631 exemplis
472 545 644 611 admodum
668 544 799 608 utilibus
821 544 1004 620 illustratis,
1026 545 1169 609 nominis
1188 543 1228 607 sui

174 653 274 716 decus
299 650 340 713 ad
366 658 510 733 posteros
536 649 737 733 propagarit.
784 647 1026 730 Heidelbergoe
1050 649 1135 711 obiit
1157 667 1227 710 anno

172 751 269 817 1558.
285 751 404 815 relictis
419 751 544 814 duobus
559 751 629 813 filiis
645 751 780 834 disparis
795 752 907 814 sortis:
926 750 1043 814 Julius
1059 751 1149 814 enim
1163 770 1227 813 ean

174 854 321 918 cellarius
336 855 400 917 suit
414 852 581 925 Ludovici,
593 852 742 916 electoris
758 852 917 924 Palatini;
941 851 1029 915 alter
1041 873 1123 916 vero
1138 860 1227 914 sartor

173 965 244 1019 erat
261 954 560 1038 Heidelbergensis.
590 954 673 1017 Tum
687 954 715 1018 F
716 954 878 1017 rauciacus
893 953 1052 1017 Sanctius
1065 953 1227 1017 Brocensis

174 1057 248 1122 huic
263 1057 381 1121 chartas
395 1056 563 1140 impalluit,
573 1066 607 1119 et
621 1055 742 1139 aliquid
756 1057 790 1119 in
805 1076 877 1118 earn
895 1076 961 1118 non
977 1056 1074 1139 parvi
1086 1053 1227 1119 momenti

175 1159 322 1224 eontulit.
367 1158 587 1223 Accesserant
618 1157 770 1242 Gregorii
795 1157 1001 1233 Bersmanni,
1029 1154 1226 1221 Constantini

176 1260 345 1335 Fanensis,
368 1267 402 1322 et
423 1258 576 1323 Herculis
597 1258 725 1323 Ciosaui
750 1258 974 1322 Sulmonensis
998 1259 1144 1333 scholis;
1166 1279 1228 1321 eos·

174 1382 240 1446 qne
268 1370 399 1425 secutus
428 1369 480 1423 est
506 1360 650 1423 Didaons
677 1359 790 1423 Mesia
817 1359 1037 1442 Hispalensis,
1064 1361 1121 1443 qui
1150 1357 1227 1443 apud

177 1463 367 1529 Maxicauos
395 1462 495 1527 ludos
524 1462 583 1526 hoc
612 1463 794 1545 poemation
820 1462 853 1524 in
880 1462 1070 1545 Hispanam
1096 1464 1227 1546 linguam

175 1566 329 1638 traduxit,
345 1575 381 1627 et
394 1565 615 1628 annotationes
630 1563 817 1626 vernaculas
832 1563 964 1646 adjecit,
982 1564 1094 1628 editas
1108 1561 1227 1647 Hispali

175 1688 258 1730 anno
272 1665 368 1729 1608.
385 1688 463 1749 quas
480 1665 669 1729 humanitati
688 1666 843 1728 debemus
857 1664 976 1730 Jacobi
996 1665 1162 1741 Mantelli,
1176 1665 1225 1728 lo

176 1769 270 1833 minis
285 1769 444 1854 exquisita
458 1769 613 1832 doctrina
650 1766 799 1831 Vidimus
815 1777 850 1831 et
863 1789 937 1850 quar
952 1766 1103 1832 Joaunes
1119 1766 1226 1851 Grejo

178 1871 260 1947 nius,
276 1871 419 1954 itemque
434 1870 576 1935 «lacobus
590 1868 775 1932 Andrevius
792 1868 944 1941 Lutetia,
958 1890 1080 1954 magno
1094 1870 1225 1952 discipu·

177 1974 279 2038 lorum
294 1973 418 2057 plausu,
436 1973 574 2036 dictasse
590 1971 754 2045 seruatum
777 1970 827 2033 hio
842 1991 925 2033 auno
939 1969 1043 2033 1584.
1059 1971 1116 2034 illa
1129 1964 1225 2034 1571:

178 2076 237 2139 sed
265 2077 298 2138 in
327 2075 388 2139 illis
413 2094 520 2138 merus
544 2072 715 2145 Domitius,
740 2082 899 2154 praeterea
926 2070 1016 2134 nihil.
1064 2071 1226 2136 Postremo

179 2176 328 2242 Valerius
352 2176 501 2240 Andreas
525 2175 702 2249 Desselius,
728 2174 864 2259 plurima
886 2175 1028 2238 lectione
1056 2177 1224 2248 exercitus,

179 2302 242 2345 non
257 2280 476 2365 poenitendam
493 2299 621 2362 operam
638 2279 669 2340 in
685 2278 743 2341 hac
760 2278 878 2361 Sparta
892 2280 1039 2341 ornanda
1054 2279 1225 2349 collocarit,

180 2383 276 2446 editis
303 2403 387 2445 anno
409 2380 505 2444 1618.
532 2379 743 2461 locupletibus
768 2381 859 2443 notis.
906 2379 981 2443 Nee
1008 2383 1081 2444 sine
1107 2379 1226 2463 piaculo

177 2492 367 2567 praeteream
393 2481 570 2545 Antonium
597 2480 741 2544 Urceum
767 2480 919 2555 Codrum,
945 2481 1071 2545 Janum
1096 2481 1224 2545 Parrha·

178 2587 270 2656 sium,
282 2583 445 2667 Angelum
461 2583 666 2658 Politianum,
677 2583 842 2647 Andream
857 2582 1033 2656 Alciatum,
1051 2585 1223 2668 Baptistam

180 2685 285 2759 Pium,
310 2685 448 2748 Paulum
472 2683 687 2767 Leopardum,
712 2687 890 2747 Adrianum
911 2686 1114 2759 Turnebnm,
1138 2684 1224 2750 Jose-

180 2789 278 2873 phum
312 2787 521 2871 Scaligerum,
554 2788 714 2851 Didacum
744 2789 984 2862 Covarruviam,
1016 2789 1224 2859 Abstemium,

181 2893 398 2974 Hartungum,
419 2892 573 2974 Lipsium,
591 2892 758 2954 Schottum
774 2891 926 2974 (Jupiter,
940 2914 1023 2974 quos
1040 2894 1125 2956 viros
1135 2894 1156 2971 l)
1175 2892 1224 2974 qui

180 2995 231 3058 vel
252 2995 283 3057 in
300 2994 489 3057 adversariis
505 3004 538 3054 et
555 2993 771 3056 Miscellaneis
786 2994 896 3056 dedita
911 3015 1021 3075 opera,
1040 2996 1092 3059 vel
1113 2996 1145 3056 in
1163 2994 1224 3056 aliis

180 3098 339 3180 opusculis
364 3096 466 3157 obiter
492 3095 645 3177 quosdam
672 3095 811 3158 Nasonis
837 3094 922 3157 locos
946 3106 1173 3168 excusserunt,
1194 3104 1224 3155 ut

178 3221 255 3261 vere
281 3200 320 3261 de
343 3198 401 3260 hoe
423 3197 581 3279 poematio
602 3197 665 3259 dici
685 3198 796 3279 possit,
816 3197 877 3259 coi
897 3218 959 3258 neo
979 3197 1088 3260 dictus
1104 3197 1223 3282 Hylas?

180 3302 372 3384 Suppudeat
387 3311 505 3371 autem,
516 3322 561 3360 ote
574 3321 695 3383 quoque
704 3299 905 3382 principibus
918 3302 1110 3381 permistum
1122 3321 1223 3386 opnor·

179 3425 247 3467 cere
263 3402 403 3476 Achivis,
420 3403 472 3465 cui
490 3402 515 3463 si
533 3411 665 3483 paterna
680 3423 731 3463 res
747 3401 998 3463 administranda
1013 3403 1111 3474 soret,
1131 3401 1223 3464 ramus

179 3506 272 3567 venia
295 3526 356 3567 nou
375 3505 515 3566 daretur.
562 3504 605 3566 Et
621 3525 696 3566 vero
714 3513 785 3586 post
803 3514 851 3567 tot
872 3503 1063 3566 cruditionis
1078 3513 1221 3587 spectata

179 3607 261 3669 viros
284 3608 314 3668 in
342 3609 487 3670 eamdem
515 3606 691 3689 palaestram
719 3608 926 3679 descendere,
955 3606 1014 3667 hoe
1044 3628 1157 3669 revera
1181 3613 1223 3667 est

179 3717 251 3789 post
276 3708 430 3770 Roscium
457 3711 489 3770 in
520 3730 616 3770 scena
641 3708 723 3770 velle
750 3720 875 3790 gestum
903 3728 1023 3790 agere;
1062 3709 1132 3783 sed,
1158 3709 1223 3790 quia

174 3808 263 3890 jacta
285 3819 334 3869 cst
356 3810 436 3883 elea,
453 3811 652 3872 efficiendum
676 3819 736 3882 est,
753 3831 793 3871 ue
817 3809 892 3872 mihi
910 3809 986 3889 jure
1009 3830 1132 3872 novum
1154 3828 1222 3892 opus

179 3909 358 3982 nuncietur,
383 3919 438 3970 aut
463 3911 633 3973 interdicto
660 3912 746 3993 quod
771 3911 812 3972 vi.
839 3919 895 3973 aut
921 3910 1003 3972 clam
1029 3933 1158 3975 mecum
1180 3909 1223 3992 agl

178 4012 288 4096 possit.
335 4011 508 4073 Neminem
527 4013 620 4074 laude
643 4033 700 4074 sua
716 4012 889 4075 fraudabo:
912 4012 1029 4074 nobilis
1051 4015 1138 4077 enim
1158 4010 1223 4075 mihi

180 4138 306 4199 semper
333 4115 399 4179 visa
426 4125 476 4177 est
506 4114 559 4177 lex
589 4114 642 4178 illa
673 4116 891 4190 Laurentium,
920 4131 973 4177 NE
1007 4134 1146 4180 romum
1178 4128 1220 4177 ax
