2806 5018
319 569 378 660 Ρ.
410 568 684 661 OVIDII
726 568 1079 664 NASONIS

459 792 930 876 HALIEUTICON*.

535 1023 855 1083 FRAGMENTUM.
880 1066 885 1075 .

174 1494 421 1586 ACCEPIT
436 1511 599 1585 mundus
610 1513 750 1610 legem:
765 1513 870 1587 dedit
881 1536 988 1586 arma
997 1537 1070 1612 per
1081 1536 1222 1597 omnes,

175 1627 458 1724 Admonuitque
477 1629 556 1717 sui;
584 1629 722 1703 vitulus
741 1630 794 1703 sic
813 1653 978 1730 namque
997 1629 1181 1715 minatur,

218 1768 303 1816 Utrum
330 1766 448 1815 terrestria
477 1767 593 1832 aquaticis
620 1768 671 1818 ani-

173 1841 284 1898 mslibus,
295 1858 326 1890 an
337 1840 484 1892 terrestribus
494 1841 604 1906 aquatica
611 1859 671 1909 prns-

174 1925 239 1966 stent
257 1913 382 1972 industrie,
402 1915 487 1980 querit
507 1923 532 1964 et
552 1915 671 1965 examinat

176 1988 327 2045 Plutarchus,
334 1989 358 2037 in
369 1988 458 2045 libello,
469 1989 536 2054 cujus
547 1988 598 2054 ipse
605 2006 668 2053 que-

175 2067 219 2114 stio
227 2065 325 2123 titulus;
342 2073 367 2112 et
377 2062 486 2113 adductis
493 2064 611 2129 utrinque,
619 2065 670 2129 qui·

174 2141 219 2189 bus
231 2155 298 2188 suem
312 2138 412 2203 quisque
427 2137 559 2203 opinionem
570 2145 671 2193 tueatur,

174 2213 297 2278 exemplis,
308 2212 381 2261 dubia
393 2228 487 2277 prorsus
497 2229 534 2260 res
544 2213 575 2260 ab
586 2212 672 2260 arbitro

174 2285 321 2350 relinquitur.
362 2285 390 2332 ld
411 2300 486 2349 genus
509 2292 671 2349 argumentum

175 2361 262 2408 Noster
272 2359 316 2407 sibi
328 2359 418 2407 videtur
432 2360 586 2423 proposuisse,
598 2374 672 2423 quau·

175 2443 225 2481 turn
244 2432 301 2480 licet
317 2433 441 2497 conjicere,
459 2448 472 2480 e
490 2433 597 2482 collectis
613 2433 672 2482 sdeo

175 2505 260 2554 misere
284 2506 395 2571 discerpti
422 2515 497 2570 poetae
522 2507 673 2557 membris.—

175 2580 233 2629 Vid.
255 2580 352 2628 Aristot.
374 2580 438 2627 Hist.
459 2580 565 2629 Animal.
591 2582 673 2647 ibique

174 2654 224 2703 Jul.
239 2653 302 2702 Caes.
324 2654 387 2702 Scal.
404 2653 480 2702 Gretii
497 2655 611 2719 Cyneget.
622 2658 672 2722 Op-

124 2772 125 2776 ,
175 2727 240 2792 pian.
247 2727 355 2775 Halieut.
364 2727 509 2791 etCyneget.
519 2728 556 2797 ed.
563 2730 672 2778 Schneid.

174 2801 333 2865 Argentorati,
356 2801 427 2849 1776.
455 2801 516 2850 Plin.
536 2803 598 2851 llist.
616 2806 672 2852 Nat.

174 2875 206 2923 ir.
219 2885 242 2923 et
254 2874 419 2932 xxiii—Qum
437 2875 496 2924 mira
512 2877 615 2925 referunt
629 2895 669 2926 ve-

175 2957 235 2997 teres
250 2948 280 2996 de
297 2949 449 3012 quorumdam
467 2949 572 2997 Piscium
590 2950 670 2998 indus-

175 3023 227 3078 tria,
234 3039 322 3087 magna
329 3039 357 3071 ex
367 3034 432 3087 pnrte
443 3023 671 3072 infirmavitcredula

174 3097 260 3152 minus,
272 3095 313 3145 sed
324 3096 458 3160 diligentior
465 3097 619 3146 recentiorum
630 3114 670 3145 ex·

175 3169 283 3234 ploratio.

208 3245 222 3272 ’
240 3244 317 3308 Hujus
335 3252 382 3290 tarn
400 3243 460 3291 laede
478 3258 505 3290 ac
523 3244 604 3291 misere
620 3260 670 3291 cor·

175 3318 237 3380 rupti
257 3326 281 3364 et
301 3317 403 3363 mutilati
424 3314 508 3381 operis,
529 3317 564 3363 bis
585 3316 672 3365 mentio

175 3401 210 3438 est
229 3389 293 3454 apud
311 3389 372 3436 Plin.
387 3391 450 3437 Sem.
469 3388 541 3436 xxxii.
558 3406 579 3438 c.
596 3392 619 3446 2,
637 3389 673 3438 his

174 3464 264 3511 verbis:
288 3464 376 3511 “Mihi
398 3465 507 3513 videntur
532 3464 598 3520 mire,
619 3482 672 3530 quae

175 3538 276 3585 Ovidius
293 3538 396 3600 prodidit
413 3538 512 3602 piscium
529 3538 632 3602 ingenia,
647 3539 672 3587 in

175 3626 203 3657 eo
216 3610 342 3666 volumine,
354 3612 417 3675 quod
430 3613 577 3660 Halieuticon
591 3613 672 3660 inscri-

175 3681 265 3729 bitur.''
299 3684 416 3739 Secundo,
435 3685 516 3732 eodem
538 3686 601 3733 Libr.
619 3703 671 3751 cap.

175 3755 218 3801 ult.
238 3756 277 3802 ubi
295 3756 343 3803 sic:
369 3758 438 3806 “His
454 3759 592 3823 adjiciemus
610 3765 672 3822 aprid

176 3828 283 3875 Ouidium
308 3829 383 3893 posita
409 3831 512 3888 uomina,
534 3849 586 3896 quae
609 3836 670 3898 apud

173 3901 291 3950 neminem
308 3902 380 3950 alium
394 3905 552 3968 reperiuntur3
569 3908 610 3955 sed
625 3909 669 3956 lor-

173 3975 241 4023 tassis
257 3976 280 4023 in
300 3977 375 4022 Ponto
390 3979 544 4033 nascuntur,''
556 3990 603 4028 etc.
637 3983 669 4030 ll·

173 4049 280 4098 lustravit
290 4050 334 4097 hoc
345 4066 429 4115 poema
440 4052 540 4100 Scholiis
550 4054 598 4102 suis
607 4058 670 4104 Con-

173 4123 243 4171 radus
253 4123 372 4172 Gesnerus
383 4122 407 4171 in
418 4123 503 4173 libellis
515 4126 589 4176 tribus
605 4130 670 4177 nevis

720 1768 751 1817 de
776 1768 884 1817 Piscibus
907 1776 932 1816 et
955 1766 1223 1832 aquatilibusque

720 1842 806 1891 irs-ee:
824 1857 893 1907 quern
910 1841 999 1891 librum
1016 1842 1071 1908 ipse
1087 1850 1160 1891 vocet
1172 1843 1223 1891 Pro-

720 1926 883 1980 gymnssruata
894 1913 919 1963 in
932 1914 1062 1964 historiam
1079 1913 1222 1981 aquatiotln,

720 2004 791 2052 quarn
803 1998 883 2054 postea
893 1989 977 2053 majori
988 1989 1054 2038 mole
1064 1989 1152 2039 edidit.
1177 1989 1222 2038 De-

719 2060 775 2111 inde
788 2064 865 2112 Junus
878 2062 976 2118 Vlitius,
992 2061 1018 2111 in
1036 2063 1165 2112 Venutius
1181 2061 1222 2110 No·

721 2141 830 2201 ventique
846 2135 980 2196 recensuit;
1002 2153 1109 2202 quorum
1127 2138 1221 2187 virosum

720 2209 814 2259 Scholia
829 2210 912 2260 nostris
921 2209 1089 2275 adjunximus.
1123 2212 1220 2260 ffimsn

721 2302 775 2334 vero
792 2285 863 2334 luisse
880 2284 985 2333 Paulum
1002 2285 1155 2344 Manutinm,
1168 2282 1221 2334 Atti

721 2359 754 2407 til.
770 2359 850 2423 quiin
867 2359 944 2408 lucem
962 2358 1051 2415 edidit,
1064 2358 1218 2410 Gesnerusin

723 2432 862 2482 Presatione
876 2433 945 2482 docet
957 2451 964 2488 ;
982 2433 1096 2482 attulisse
1110 2448 1164 2482 vero
1176 2431 1218 2480 Ac·

723 2505 780 2554 tium
794 2507 922 2570 Syncerum
932 2505 1109 2556 &numerium
1123 2523 1153 2556 ex
1166 2504 1218 2555 Gal·

722 2579 760 2628 liis
769 2595 838 2628 manu
848 2580 969 2645 scripturn.
1003 2581 1100 2629 Herus.
1107 2581 1218 2629 etBnrur.

757 2656 777 2702 l.
801 2656 892 2715 Accepit
920 2657 1021 2702 mundus
1053 2657 1134 2720 legem,
1161 2653 1215 2716 ete]

722 2727 842 2784 Swartius,
863 2727 922 2776 libro
945 2728 964 2774 i.
984 2728 1102 2777 Analect.
1124 2743 1174 2793 cap.
1194 2730 1216 2775 5.

723 2802 789 2865 legit,
807 2819 896 2866 regem:
919 2801 1010 2867 inepte,
1030 2803 1091 2850 licet
1111 2802 1216 2867 approba·

721 2885 792 2923 torem
824 2875 950 2940 reppererit
980 2877 1124 2940 magistrum
1155 2890 1215 2924 suurn

720 2949 852 3005 Berthium,
872 2949 930 2997 xliv.
951 2949 1055 2999 Advers.
1073 2951 1099 2999 ii.
1125 2949 1171 2998 Les
1185 2958 1216 2997 est

720 3033 831 3072 constans
842 3023 881 3071 ille
896 3033 920 3071 et
930 3016 1063 3088 perpetuus
1082 3033 1169 3074 nature
1183 3040 1215 3071 or·

720 3097 759 3153 do,
771 3114 840 3162 quem
855 3099 932 3145 omnia
945 3108 1027 3147 creata
1041 3100 1110 3164 sequi
1121 3100 1215 3148 debent:

720 3187 772 3234 quae
786 3175 855 3233 jura,
869 3172 963 3235 sedero
985 3175 1079 3230 muudi,
1101 3173 1185 3238 passim
1205 3187 1217 3218 s

720 3246 795 3309 poetis
825 3246 1069 3295 dicuutur.-·Dedit
1096 3265 1160 3295 ama
1183 3263 1217 3308 per

720 3337 800 3367 amires.
840 3321 911 3369 Certe
936 3328 1065 3384 corruptus
1091 3322 1170 3380 locus;
1191 3336 1217 3368 ss

721 3393 783 3440 euim
797 3397 894 3441 mundus
907 3393 974 3442 dedit
984 3399 1070 3443 musal
1087 3405 1112 3444 et
1123 3396 1217 3460 quibu!

722 3467 780 3514 sorte
796 3468 846 3523 illa,
860 3471 945 3530 accepit
962 3472 1067 3518 rutundus
1081 3473 1160 3536 legem,
1171 3485 1216 3518 cun

723 3540 918 3604 praecedentibus,
941 3557 996 3605 quae
1025 3543 1128 3608 periere,
1151 3544 1217 3592 inclu-

722 3613 801 3662 denda
815 3615 949 3679 parenthesi
957 3632 964 3673 ς
984 3624 1009 3663 et
1024 3627 1123 3673 nature,
1134 3619 1164 3666 de
1177 3632 1217 3681 qus

723 3697 791 3735 antea
814 3689 909 3750 agebat,
929 3687 1092 3753 intelligenda
1112 3702 1157 3748 est,
1171 3705 1216 3755 que

722 3764 784 3808 dedit
794 3779 858 3808 arma
871 3761 1015 3810 animalibus
1029 3766 1149 3814 omnibus.
1179 3765 1217 3812 Pet

721 3853 785 3882 amna
806 3852 861 3884 vero
884 3837 997 3902 intelligit
1018 3837 1064 3887 ille
1088 3839 1216 3888 animalium

722 3911 834 3965 membra,
848 3910 934 3974 quibus
952 3928 977 3959 se
992 3912 1137 3963 defendunt.
1168 3912 1216 3961 tit.

720 3982 858 4046 lepidissim.
874 3985 1035 4034 Anacreontis
1052 3988 1177 4043 Odarium,
1190 3985 1215 4034 ii:

722 4058 798 4115 Φύσις
807 4060 898 4122 κερᾶτα
909 4058 1020 4124 ταύροις.
1027 4080 1051 4111 κ.
1059 4081 1083 4111 r.
1090 4063 1117 4111 λ.
1140 4064 1216 4111 Bcrsr.

752 4133 776 4178 2.
794 4132 928 4196 Minaeum]
952 4134 1011 4182 Ald.
1030 4152 1061 4185 ex
1079 4137 1149 4185 MSS.
1166 4137 1215 4183 San
