<?xml version="1.0" encoding="UTF-8"?>
<!DOCTYPE html PUBLIC "-//W3C//DTD XHTML 1.0 Transitional//EN"
    "http://www.w3.org/TR/xhtml1/DTD/xhtml1-transitional.dtd">
<html xmlns="http://www.w3.org/1999/xhtml" xml:lang="en" lang="en">
 <head>
  <title>
</title>
<meta http-equiv="Content-Type" content="text/html;charset=utf-8" />
  <meta name='ocr-system' content='tesseract 3.04.00' />
  <meta name='ocr-capabilities' content='ocr_page ocr_carea ocr_par ocr_line ocrx_word'/>
</head>
<body>
  <div class='ocr_page' id='page_1' title='image "./povidiinasoniso03burmgoog_0241.png"; bbox 0 0 2806 5018; ppageno 0'>
   <div class='ocr_carea' id='block_1_1' title="bbox 173 335 926 405">
    <p class='ocr_par' dir='ltr' id='par_1_1' title="bbox 173 335 926 405">
     <span class='ocr_line' id='line_1_1' title="bbox 173 335 926 405; baseline -0.008 0"><span class='ocrx_word' id='word_1_1' title='bbox 173 339 239 405; x_wconf 72' lang='lat'>2⁵⁰</span> <span class='ocrx_word' id='word_1_2' title='bbox 464 337 504 402; x_wconf 88' lang='grc' dir='ltr'>Ρ.</span> <span class='ocrx_word' id='word_1_3' title='bbox 529 336 689 401; x_wconf 85' lang='lat' dir='ltr'>OVIDII</span> <span class='ocrx_word' id='word_1_4' title='bbox 713 335 926 401; x_wconf 81' lang='lat' dir='ltr'>NASONIS</span> 
     </span>
    </p>
   </div>
   <div class='ocr_carea' id='block_1_2' title="bbox 166 508 1218 1618">
    <p class='ocr_par' dir='ltr' id='par_1_2' title="bbox 178 508 1104 607">
     <span class='ocr_line' id='line_1_2' title="bbox 178 508 1104 607; baseline -0.004 -23"><span class='ocrx_word' id='word_1_5' title='bbox 178 511 260 584; x_wconf 89' lang='lat' dir='ltr'>Nec</span> <span class='ocrx_word' id='word_1_6' title='bbox 279 510 350 583; x_wconf 92' lang='lat' dir='ltr'>nisi</span> <span class='ocrx_word' id='word_1_7' title='bbox 368 519 456 607; x_wconf 92' lang='lat' dir='ltr'>post</span> <span class='ocrx_word' id='word_1_8' title='bbox 472 533 589 583; x_wconf 85' lang='lat' dir='ltr'>annos</span> <span class='ocrx_word' id='word_1_9' title='bbox 607 509 729 607; x_wconf 90' lang='lat' dir='ltr'>patuit</span> <span class='ocrx_word' id='word_1_10' title='bbox 744 515 836 582; x_wconf 80' lang='lat' dir='ltr'>&#39;tunc</span> <span class='ocrx_word' id='word_1_11' title='bbox 851 508 961 582; x_wconf 86' lang='lat' dir='ltr'>curia</span> <span class='ocrx_word' id='word_1_12' title='bbox 977 532 1104 596; x_wconf 84' lang='lat' dir='ltr'>seros;</span> 
     </span>
    </p>

    <p class='ocr_par' dir='ltr' id='par_1_3' title="bbox 166 623 967 698">
     <span class='ocr_line' id='line_1_3' title="bbox 166 623 967 698; baseline -0.002 -1"><span class='ocrx_word' id='word_1_13' title='bbox 166 674 188 681; x_wconf 89' lang='lat'>--</span> <span class='ocrx_word' id='word_1_14' title='bbox 229 624 379 698; x_wconf 88' lang='lat' dir='ltr'>Nomen</span> <span class='ocrx_word' id='word_1_15' title='bbox 397 634 435 698; x_wconf 88' lang='lat' dir='ltr'>et</span> <span class='ocrx_word' id='word_1_16' title='bbox 453 624 576 698; x_wconf 87' lang='lat' dir='ltr'>aetatis</span> <span class='ocrx_word' id='word_1_17' title='bbox 594 623 684 697; x_wconf 88' lang='lat' dir='ltr'>ruite</span> <span class='ocrx_word' id='word_1_18' title='bbox 703 634 855 696; x_wconf 87' lang='lat' dir='ltr'>senatus</span> <span class='ocrx_word' id='word_1_19' title='bbox 874 633 967 696; x_wconf 91' lang='lat' dir='ltr'>erat.</span> 
     </span>
    </p>

    <p class='ocr_par' dir='ltr' id='par_1_4' title="bbox 177 737 1213 951">
     <span class='ocr_line' id='line_1_4' title="bbox 177 737 1213 838; baseline -0.003 -27"><span class='ocrx_word' id='word_1_20' title='bbox 177 740 201 811; x_wconf 90' lang='lat' dir='ltr'>J</span> <span class='ocrx_word' id='word_1_21' title='bbox 204 764 272 813; x_wconf 90' lang='lat' dir='ltr'>ura</span> <span class='ocrx_word' id='word_1_22' title='bbox 288 741 403 813; x_wconf 88' lang='lat' dir='ltr'>dabat</span> <span class='ocrx_word' id='word_1_23' title='bbox 419 741 560 838; x_wconf 92' lang='lat' dir='ltr'>populo</span> <span class='ocrx_word' id='word_1_24' title='bbox 578 739 722 813; x_wconf 87' lang='lat' dir='ltr'>senior:</span> <span class='ocrx_word' id='word_1_25' title='bbox 750 739 933 835; x_wconf 89' lang='lat' dir='ltr'>finitaque</span> <span class='ocrx_word' id='word_1_26' title='bbox 951 737 1066 810; x_wconf 85' lang='lat' dir='ltr'>certis</span> <span class='ocrx_word' id='word_1_27' title='bbox 1173 740 1213 810; x_wconf 85' lang='lat'>65</span> 
     </span>
     <span class='ocr_line' id='line_1_5' title="bbox 231 854 1032 951; baseline -0.004 -25"><span class='ocrx_word' id='word_1_28' title='bbox 231 854 395 951; x_wconf 84' lang='lat' dir='ltr'>Legibus</span> <span class='ocrx_word' id='word_1_29' title='bbox 413 864 473 927; x_wconf 90' lang='lat' dir='ltr'>est</span> <span class='ocrx_word' id='word_1_30' title='bbox 490 866 593 942; x_wconf 73' lang='lat' dir='ltr'>etas,</span> <span class='ocrx_word' id='word_1_31' title='bbox 613 854 715 927; x_wconf 88' lang='lat' dir='ltr'>unde</span> <span class='ocrx_word' id='word_1_32' title='bbox 732 863 883 950; x_wconf 87' lang='lat' dir='ltr'>petatur</span> <span class='ocrx_word' id='word_1_33' title='bbox 899 854 1032 924; x_wconf 79' lang='lat' dir='ltr'>honos,</span> 
     </span>
    </p>

    <p class='ocr_par' dir='ltr' id='par_1_5' title="bbox 181 966 1127 1174">
     <span class='ocr_line' id='line_1_6' title="bbox 181 966 1127 1067; baseline -0.003 -25"><span class='ocrx_word' id='word_1_34' title='bbox 181 969 233 1043; x_wconf 87' lang='lat' dir='ltr'>Et</span> <span class='ocrx_word' id='word_1_35' title='bbox 248 972 395 1044; x_wconf 89' lang='lat' dir='ltr'>medius</span> <span class='ocrx_word' id='word_1_36' title='bbox 409 972 604 1067; x_wconf 86' lang='lat' dir='ltr'>juvenum,</span> <span class='ocrx_word' id='word_1_37' title='bbox 625 994 699 1042; x_wconf 89' lang='lat' dir='ltr'>non</span> <span class='ocrx_word' id='word_1_38' title='bbox 719 968 1001 1064; x_wconf 85' lang='lat' dir='ltr'>indignantibus</span> <span class='ocrx_word' id='word_1_39' title='bbox 1019 966 1127 1065; x_wconf 89' lang='lat' dir='ltr'>ipsis,</span> 
     </span>
     <span class='ocr_line' id='line_1_7' title="bbox 233 1085 1011 1174; baseline -0.006 -15"><span class='ocrx_word' id='word_1_40' title='bbox 233 1085 339 1174; x_wconf 90' lang='lat' dir='ltr'>lbat;</span> <span class='ocrx_word' id='word_1_41' title='bbox 370 1096 408 1159; x_wconf 89' lang='lat' dir='ltr'>et</span> <span class='ocrx_word' id='word_1_42' title='bbox 426 1085 588 1171; x_wconf 88' lang='lat' dir='ltr'>interior,</span> <span class='ocrx_word' id='word_1_43' title='bbox 609 1087 640 1157; x_wconf 90' lang='lat' dir='ltr'>si</span> <span class='ocrx_word' id='word_1_44' title='bbox 658 1109 786 1158; x_wconf 91' lang='lat' dir='ltr'>comes</span> <span class='ocrx_word' id='word_1_45' title='bbox 803 1107 900 1156; x_wconf 89' lang='lat' dir='ltr'>unus</span> <span class='ocrx_word' id='word_1_46' title='bbox 918 1092 1011 1156; x_wconf 89' lang='lat' dir='ltr'>erat.</span> 
     </span>
    </p>

    <p class='ocr_par' dir='ltr' id='par_1_6' title="bbox 181 1197 1218 1410">
     <span class='ocr_line' id='line_1_8' title="bbox 181 1197 1126 1299; baseline -0.005 -26"><span class='ocrx_word' id='word_1_47' title='bbox 181 1202 308 1275; x_wconf 85' lang='lat' dir='ltr'>Verba</span> <span class='ocrx_word' id='word_1_48' title='bbox 326 1201 411 1299; x_wconf 89' lang='lat' dir='ltr'>quis</span> <span class='ocrx_word' id='word_1_49' title='bbox 429 1202 587 1276; x_wconf 85' lang='lat' dir='ltr'><strong>auderet</strong></span> <span class='ocrx_word' id='word_1_50' title='bbox 604 1225 731 1274; x_wconf 90' lang='lat' dir='ltr'>coram</span> <span class='ocrx_word' id='word_1_51' title='bbox 750 1223 840 1272; x_wconf 87' lang='lat' dir='ltr'>sene</span> <span class='ocrx_word' id='word_1_52' title='bbox 858 1198 974 1293; x_wconf 85' lang='lat' dir='ltr'>digna</span> <span class='ocrx_word' id='word_1_53' title='bbox 989 1197 1126 1270; x_wconf 84' lang='lat' dir='ltr'>rubore</span> 
     </span>
     <span class='ocr_line' id='line_1_9' title="bbox 234 1311 1218 1410; baseline -0.007 -22"><span class='ocrx_word' id='word_1_54' title='bbox 234 1316 398 1391; x_wconf 81' lang='lat' dir='ltr'>Dicere?</span> <span class='ocrx_word' id='word_1_55' title='bbox 424 1340 622 1390; x_wconf 84' lang='lat' dir='ltr'>censuram</span> <span class='ocrx_word' id='word_1_56' title='bbox 640 1318 752 1410; x_wconf 86' lang='lat' dir='ltr'>longa</span> <span class='ocrx_word' id='word_1_57' title='bbox 770 1322 924 1386; x_wconf 83' lang='lat' dir='ltr'>senecta</span> <span class='ocrx_word' id='word_1_58' title='bbox 940 1311 1070 1384; x_wconf 87' lang='lat' dir='ltr'>dabat.</span> <span class='ocrx_word' id='word_1_59' title='bbox 1180 1316 1218 1383; x_wconf 86' lang='lat'>70</span> 
     </span>
    </p>

    <p class='ocr_par' dir='ltr' id='par_1_7' title="bbox 185 1425 1162 1618">
     <span class='ocr_line' id='line_1_10' title="bbox 185 1425 1162 1524; baseline -0.007 -19"><span class='ocrx_word' id='word_1_60' title='bbox 185 1431 369 1505; x_wconf 88' lang='lat' dir='ltr'>Romulus</span> <span class='ocrx_word' id='word_1_61' title='bbox 388 1431 458 1504; x_wconf 93' lang='lat' dir='ltr'>hoc</span> <span class='ocrx_word' id='word_1_62' title='bbox 476 1431 589 1519; x_wconf 90' lang='lat' dir='ltr'>vidit;</span> <span class='ocrx_word' id='word_1_63' title='bbox 619 1431 835 1524; x_wconf 82' lang='lat' dir='ltr'>selectaque</span> <span class='ocrx_word' id='word_1_64' title='bbox 854 1436 1013 1524; x_wconf 85' lang='lat' dir='ltr'>pectora=</span> <span class='ocrx_word' id='word_1_65' title='bbox 1026 1425 1162 1500; x_wconf 87' lang='lat' dir='ltr'>Patres</span> 
     </span>
     <span class='ocr_line' id='line_1_11' title="bbox 236 1544 1092 1618; baseline -0.004 -1"><span class='ocrx_word' id='word_1_66' title='bbox 236 1545 364 1618; x_wconf 87' lang='lat' dir='ltr'>Dixit:</span> <span class='ocrx_word' id='word_1_67' title='bbox 393 1546 442 1617; x_wconf 86' lang='lat' dir='ltr'>ad</span> <span class='ocrx_word' id='word_1_68' title='bbox 460 1546 528 1617; x_wconf 89' lang='lat' dir='ltr'>hos</span> <span class='ocrx_word' id='word_1_69' title='bbox 547 1546 649 1618; x_wconf 90' lang='lat' dir='ltr'>urbis</span> <span class='ocrx_word' id='word_1_70' title='bbox 668 1567 815 1618; x_wconf 89' lang='lat' dir='ltr'>summa</span> <span class='ocrx_word' id='word_1_71' title='bbox 831 1544 949 1616; x_wconf 88' lang='lat' dir='ltr'>relata</span> <span class='ocrx_word' id='word_1_72' title='bbox 967 1565 1092 1614; x_wconf 85' lang='lat' dir='ltr'>novae.</span> 
     </span>
    </p>
   </div>
   <div class='ocr_carea' id='block_1_3' title="bbox 109 1803 1239 4136">
    <p class='ocr_par' dir='ltr' id='par_1_8' title="bbox 109 1803 1239 4136">
     <span class='ocr_line' id='line_1_12' title="bbox 183 1803 1222 1872; baseline -0.005 -16"><span class='ocrx_word' id='word_1_73' title='bbox 183 1805 281 1856; x_wconf 78' lang='lat' dir='ltr'>rendum</span> <span class='ocrx_word' id='word_1_74' title='bbox 294 1806 326 1855; x_wconf 80' lang='lat' dir='ltr'>ait</span> <span class='ocrx_word' id='word_1_75' title='bbox 338 1823 465 1872; x_wconf 84' lang='lat' dir='ltr'>pronomen</span> <span class='ocrx_word' id='word_1_76' title='bbox 479 1809 530 1856; x_wconf 79' lang='lat' dir='ltr'>illo.</span> <span class='ocrx_word' id='word_1_77' title='bbox 563 1807 680 1872; x_wconf 81' lang='lat' dir='ltr'>Equidem</span> <span class='ocrx_word' id='word_1_78' title='bbox 731 1807 775 1863; x_wconf 81' lang='lat' dir='ltr'>bis,</span> <span class='ocrx_word' id='word_1_79' title='bbox 792 1805 855 1872; x_wconf 88' lang='lat' dir='ltr'>quod</span> <span class='ocrx_word' id='word_1_80' title='bbox 875 1805 979 1854; x_wconf 87' lang='lat' dir='ltr'>nondum</span> <span class='ocrx_word' id='word_1_81' title='bbox 1002 1803 1035 1853; x_wconf 91' lang='lat' dir='ltr'>ad</span> <span class='ocrx_word' id='word_1_82' title='bbox 1054 1804 1182 1869; x_wconf 83' lang='lat' dir='ltr'>petendum</span> <span class='ocrx_word' id='word_1_83' title='bbox 1194 1806 1222 1852; x_wconf 82' lang='lat' dir='ltr'>le·</span> 
     </span>
     <span class='ocr_line' id='line_1_13' title="bbox 183 1877 1225 1947; baseline -0.004 -18"><span class='ocrx_word' id='word_1_84' title='bbox 183 1888 330 1930; x_wconf 76' lang='lat' dir='ltr'>senectutem</span> <span class='ocrx_word' id='word_1_85' title='bbox 340 1881 457 1946; x_wconf 79' lang='lat' dir='ltr'>intelligo,</span> <span class='ocrx_word' id='word_1_86' title='bbox 465 1883 533 1947; x_wconf 87' lang='lat' dir='ltr'>cujus</span> <span class='ocrx_word' id='word_1_87' title='bbox 543 1881 579 1929; x_wconf 84' lang='lat' dir='ltr'>via</span> <span class='ocrx_word' id='word_1_88' title='bbox 589 1882 647 1931; x_wconf 85' lang='lat' dir='ltr'>latet</span> <span class='ocrx_word' id='word_1_89' title='bbox 657 1883 681 1932; x_wconf 94' lang='lat' dir='ltr'>in</span> <span class='ocrx_word' id='word_1_90' title='bbox 731 1881 816 1944; x_wconf 76' lang='lat' dir='ltr'>giuma</span> <span class='ocrx_word' id='word_1_91' title='bbox 836 1889 894 1927; x_wconf 80' lang='lat' dir='ltr'>retae</span> <span class='ocrx_word' id='word_1_92' title='bbox 916 1887 994 1936; x_wconf 73' lang='lat' dir='ltr'>esset5</span> <span class='ocrx_word' id='word_1_93' title='bbox 1018 1877 1112 1935; x_wconf 75' lang='lat' dir='ltr'>Urius,</span> <span class='ocrx_word' id='word_1_94' title='bbox 1129 1895 1183 1926; x_wconf 78' lang='lat' dir='ltr'>xxv.</span> <span class='ocrx_word' id='word_1_95' title='bbox 1199 1880 1225 1935; x_wconf 76' lang='lat'>‘25</span> 
     </span>
     <span class='ocr_line' id='line_1_14' title="bbox 184 1950 1225 2020; baseline -0.005 -17"><span class='ocrx_word' id='word_1_96' title='bbox 184 1971 253 2020; x_wconf 83' lang='lat' dir='ltr'>rugo.</span> <span class='ocrx_word' id='word_1_97' title='bbox 277 1955 401 2013; x_wconf 80' lang='lat' dir='ltr'>Habendii,</span> <span class='ocrx_word' id='word_1_98' title='bbox 411 1955 548 2012; x_wconf 76' lang='lat' dir='ltr'>tractandis.</span> <span class='ocrx_word' id='word_1_99' title='bbox 575 1956 681 2013; x_wconf 75' lang='lat' dir='ltr'>Concilio,</span> <span class='ocrx_word' id='word_1_100' title='bbox 732 1954 774 2001; x_wconf 83' lang='lat' dir='ltr'>aed</span> <span class='ocrx_word' id='word_1_101' title='bbox 791 1951 866 2000; x_wconf 78' lang='lat' dir='ltr'>aerius</span> <span class='ocrx_word' id='word_1_102' title='bbox 881 1950 978 2006; x_wconf 78' lang='lat' dir='ltr'>Villius,</span> <span class='ocrx_word' id='word_1_103' title='bbox 991 1950 1048 1998; x_wconf 88' lang='lat' dir='ltr'>trib.</span> <span class='ocrx_word' id='word_1_104' title='bbox 1063 1950 1143 2015; x_wconf 73' lang='lat' dir='ltr'>plebis</span> <span class='ocrx_word' id='word_1_105' title='bbox 1158 1951 1225 2015; x_wconf 80' lang='lat' dir='ltr'>legen</span> 
     </span>
     <span class='ocr_line' id='line_1_15' title="bbox 184 2021 1226 2088; baseline -0.007 -11"><span class='ocrx_word' id='word_1_106' title='bbox 184 2037 231 2078; x_wconf 85' lang='lat' dir='ltr'>etc.</span> <span class='ocrx_word' id='word_1_107' title='bbox 269 2028 348 2078; x_wconf 85' lang='lat' dir='ltr'>Cicer.</span> <span class='ocrx_word' id='word_1_108' title='bbox 368 2029 463 2078; x_wconf 84' lang='lat' dir='ltr'>Senect.</span> <span class='ocrx_word' id='word_1_109' title='bbox 484 2031 512 2078; x_wconf 87' lang='lat'>6:</span> <span class='ocrx_word' id='word_1_110' title='bbox 538 2035 555 2057; x_wconf 83' lang='lat'>⁸¹</span> <span class='ocrx_word' id='word_1_111' title='bbox 568 2030 681 2087; x_wconf 83' lang='lat' dir='ltr'>Consilio,</span> <span class='ocrx_word' id='word_1_112' title='bbox 732 2024 843 2075; x_wconf 84' lang='lat' dir='ltr'>annalem</span> <span class='ocrx_word' id='word_1_113' title='bbox 864 2024 928 2080; x_wconf 91' lang='lat' dir='ltr'>tulit,</span> <span class='ocrx_word' id='word_1_114' title='bbox 947 2038 995 2087; x_wconf 80' lang='lat' dir='ltr'>qua</span> <span class='ocrx_word' id='word_1_115' title='bbox 1015 2021 1073 2072; x_wconf 84' lang='lat' dir='ltr'>anni</span> <span class='ocrx_word' id='word_1_116' title='bbox 1090 2023 1226 2088; x_wconf 73' lang='lat' dir='ltr'>singulorum</span> 
     </span>
     <span class='ocr_line' id='line_1_16' title="bbox 185 2095 1227 2166; baseline -0.007 -16"><span class='ocrx_word' id='word_1_117' title='bbox 185 2101 333 2157; x_wconf 84' lang='lat' dir='ltr'>auctoritate,</span> <span class='ocrx_word' id='word_1_118' title='bbox 346 2103 464 2151; x_wconf 82' lang='lat' dir='ltr'>sententia</span> <span class='ocrx_word' id='word_1_119' title='bbox 480 2119 516 2150; x_wconf 87' lang='lat' dir='ltr'>res</span> <span class='ocrx_word' id='word_1_120' title='bbox 532 2117 625 2166; x_wconf 72' lang='lat' dir='ltr'>magna</span> <span class='ocrx_word' id='word_1_121' title='bbox 640 2119 681 2166; x_wconf 78' lang='lat' dir='ltr'>ge·</span> <span class='ocrx_word' id='word_1_122' title='bbox 732 2099 846 2147; x_wconf 88' lang='lat' dir='ltr'>honorum</span> <span class='ocrx_word' id='word_1_123' title='bbox 856 2096 947 2146; x_wconf 80' lang='lat' dir='ltr'>definiti</span> <span class='ocrx_word' id='word_1_124' title='bbox 958 2098 1023 2145; x_wconf 71' lang='lat' dir='ltr'>hunt.</span> <span class='ocrx_word' id='word_1_125' title='bbox 1057 2095 1123 2145; x_wconf 81' lang='lat' dir='ltr'>Vide</span> <span class='ocrx_word' id='word_1_126' title='bbox 1132 2097 1227 2144; x_wconf 82' lang='lat' dir='ltr'>Ducker.</span> 
     </span>
     <span class='ocr_line' id='line_1_17' title="bbox 185 2169 1228 2240; baseline 0.002 -17"><span class='ocrx_word' id='word_1_127' title='bbox 185 2184 276 2231; x_wconf 83' lang='lat' dir='ltr'>runtur,</span> <span class='ocrx_word' id='word_1_128' title='bbox 286 2175 374 2240; x_wconf 78' lang='lat' dir='ltr'>quibos</span> <span class='ocrx_word' id='word_1_129' title='bbox 390 2192 437 2224; x_wconf 91' lang='lat' dir='ltr'>non</span> <span class='ocrx_word' id='word_1_130' title='bbox 450 2175 520 2224; x_wconf 85' lang='lat' dir='ltr'>modo</span> <span class='ocrx_word' id='word_1_131' title='bbox 534 2191 581 2224; x_wconf 84' lang='lat' dir='ltr'>non</span> <span class='ocrx_word' id='word_1_132' title='bbox 595 2175 681 2232; x_wconf 87' lang='lat' dir='ltr'>orbari,</span> <span class='ocrx_word' id='word_1_133' title='bbox 733 2172 765 2222; x_wconf 88' lang='lat' dir='ltr'>ad</span> <span class='ocrx_word' id='word_1_134' title='bbox 780 2170 874 2220; x_wconf 84' lang='lat' dir='ltr'>Livium</span> <span class='ocrx_word' id='word_1_135' title='bbox 888 2169 953 2219; x_wconf 86' lang='lat' dir='ltr'>dicto</span> <span class='ocrx_word' id='word_1_136' title='bbox 967 2169 1030 2218; x_wconf 86' lang='lat' dir='ltr'>loco.</span> <span class='ocrx_word' id='word_1_137' title='bbox 1063 2169 1228 2234; x_wconf 63' lang='lat' dir='ltr'>nunninus,</span> 
     </span>
     <span class='ocr_line' id='line_1_18' title="bbox 185 2245 840 2312; baseline -0.003 -16"><span class='ocrx_word' id='word_1_138' title='bbox 185 2247 227 2296; x_wconf 79' lang='lat' dir='ltr'>aad</span> <span class='ocrx_word' id='word_1_139' title='bbox 254 2247 326 2297; x_wconf 84' lang='lat' dir='ltr'>etiem</span> <span class='ocrx_word' id='word_1_140' title='bbox 357 2247 437 2312; x_wconf 77' lang='lat' dir='ltr'>augeri</span> <span class='ocrx_word' id='word_1_141' title='bbox 463 2257 572 2297; x_wconf 74' lang='lat' dir='ltr'>senectui</span> <span class='ocrx_word' id='word_1_142' title='bbox 599 2248 684 2296; x_wconf 85' lang='lat' dir='ltr'>solet.”</span> <span class='ocrx_word' id='word_1_143' title='bbox 733 2245 840 2294; x_wconf 85' lang='lat' dir='ltr'>delinita.</span> 
     </span>
     <span class='ocr_line' id='line_1_19' title="bbox 186 2315 1229 2384; baseline -0.003 -17"><span class='ocrx_word' id='word_1_144' title='bbox 186 2319 257 2367; x_wconf 77' lang='lat' dir='ltr'>Adde</span> <span class='ocrx_word' id='word_1_145' title='bbox 273 2319 372 2383; x_wconf 87' lang='lat' dir='ltr'>reliqua,</span> <span class='ocrx_word' id='word_1_146' title='bbox 382 2319 469 2384; x_wconf 84' lang='lat' dir='ltr'>quibus</span> <span class='ocrx_word' id='word_1_147' title='bbox 482 2320 559 2375; x_wconf 92' lang='lat' dir='ltr'>docet,</span> <span class='ocrx_word' id='word_1_148' title='bbox 570 2321 685 2369; x_wconf 81' lang='lat' dir='ltr'>maximas</span> <span class='ocrx_word' id='word_1_149' title='bbox 767 2320 807 2367; x_wconf 83' lang='lat'>67.</span> <span class='ocrx_word' id='word_1_150' title='bbox 824 2317 879 2366; x_wconf 88' lang='lat' dir='ltr'>Non</span> <span class='ocrx_word' id='word_1_151' title='bbox 894 2315 963 2364; x_wconf 86' lang='lat' dir='ltr'>modo</span> <span class='ocrx_word' id='word_1_152' title='bbox 978 2317 1003 2366; x_wconf 87' lang='lat' dir='ltr'>irt</span> <span class='ocrx_word' id='word_1_153' title='bbox 1016 2316 1149 2382; x_wconf 83' lang='lat' dir='ltr'>republica,</span> <span class='ocrx_word' id='word_1_154' title='bbox 1159 2320 1229 2382; x_wconf 79' lang='lat' dir='ltr'>prita-</span> 
     </span>
     <span class='ocr_line' id='line_1_20' title="bbox 187 2389 1231 2457; baseline -0.001 -17"><span class='ocrx_word' id='word_1_155' title='bbox 187 2391 331 2457; x_wconf 75' lang='lat' dir='ltr'>reipublicae</span> <span class='ocrx_word' id='word_1_156' title='bbox 343 2394 374 2441; x_wconf 83' lang='lat' dir='ltr'>ab</span> <span class='ocrx_word' id='word_1_157' title='bbox 382 2391 571 2441; x_wconf 75' lang='lat' dir='ltr'>adolescentibus</span> <span class='ocrx_word' id='word_1_158' title='bbox 585 2408 636 2441; x_wconf 78' lang='lat' dir='ltr'>esse</span> <span class='ocrx_word' id='word_1_159' title='bbox 649 2394 684 2442; x_wconf 84' lang='lat' dir='ltr'>la·</span> <span class='ocrx_word' id='word_1_160' title='bbox 735 2390 777 2439; x_wconf 82' lang='lat' dir='ltr'>tint</span> <span class='ocrx_word' id='word_1_161' title='bbox 803 2405 898 2456; x_wconf 87' lang='lat' dir='ltr'>quoque</span> <span class='ocrx_word' id='word_1_162' title='bbox 926 2389 1087 2439; x_wconf 80' lang='lat' dir='ltr'>honorabatur</span> <span class='ocrx_word' id='word_1_163' title='bbox 1114 2398 1231 2447; x_wconf 57' lang='lat' dir='ltr'>senectam</span> 
     </span>
     <span class='ocr_line' id='line_1_21' title="bbox 187 2463 1228 2520; baseline -0.002 -6"><span class='ocrx_word' id='word_1_164' title='bbox 187 2464 600 2520; x_wconf 67' lang='lat' dir='ltr'>balactamaenibuaauatentatae.</span> <span class='ocrx_word' id='word_1_165' title='bbox 685 2504 688 2509; x_wconf 95' lang='lat'>.</span> <span class='ocrx_word' id='word_1_166' title='bbox 735 2465 785 2514; x_wconf 87' lang='lat' dir='ltr'>rid.</span> <span class='ocrx_word' id='word_1_167' title='bbox 801 2463 885 2512; x_wconf 86' lang='lat' dir='ltr'>Cicero</span> <span class='ocrx_word' id='word_1_168' title='bbox 902 2465 997 2513; x_wconf 87' lang='lat' dir='ltr'>Senect.</span> <span class='ocrx_word' id='word_1_169' title='bbox 1011 2465 1049 2513; x_wconf 84' lang='lat'>18.</span> <span class='ocrx_word' id='word_1_170' title='bbox 1083 2464 1173 2515; x_wconf 73' lang='lat' dir='ltr'>lacurn</span> <span class='ocrx_word' id='word_1_171' title='bbox 1187 2480 1228 2512; x_wconf 76' lang='lat' dir='ltr'>ere-</span> 
     </span>
     <span class='ocr_line' id='line_1_22' title="bbox 219 2536 1231 2602; baseline 0 -18"><span class='ocrx_word' id='word_1_172' title='bbox 219 2538 260 2584; x_wconf 78' lang='lat'>64.</span> <span class='ocrx_word' id='word_1_173' title='bbox 280 2538 381 2585; x_wconf 77' lang='lat' dir='ltr'>Senatus</span> <span class='ocrx_word' id='word_1_174' title='bbox 401 2536 479 2586; x_wconf 74' lang='lat' dir='ltr'>dictus</span> <span class='ocrx_word' id='word_1_175' title='bbox 498 2548 534 2586; x_wconf 78' lang='lat' dir='ltr'>est</span> <span class='ocrx_word' id='word_1_176' title='bbox 555 2553 570 2587; x_wconf 89' lang='lat' dir='ltr'>a</span> <span class='ocrx_word' id='word_1_177' title='bbox 590 2538 684 2588; x_wconf 88' lang='lat' dir='ltr'>nomine</span> <span class='ocrx_word' id='word_1_178' title='bbox 735 2541 799 2586; x_wconf 71' lang='lat' dir='ltr'>dum</span> <span class='ocrx_word' id='word_1_179' title='bbox 815 2537 888 2586; x_wconf 71' lang='lat' dir='ltr'>luisse</span> <span class='ocrx_word' id='word_1_180' title='bbox 908 2537 971 2602; x_wconf 91' lang='lat' dir='ltr'>apud</span> <span class='ocrx_word' id='word_1_181' title='bbox 988 2537 1113 2587; x_wconf 82' lang='lat' dir='ltr'>Romanoa</span> <span class='ocrx_word' id='word_1_182' title='bbox 1130 2537 1231 2601; x_wconf 74' lang='lat' dir='ltr'>aliosque</span> 
     </span>
     <span class='ocr_line' id='line_1_23' title="bbox 186 2609 1232 2676; baseline 0.003 -18"><span class='ocrx_word' id='word_1_183' title='bbox 186 2610 315 2667; x_wconf 65' lang='lat' dir='ltr'>ordinaire</span> <span class='ocrx_word' id='word_1_184' title='bbox 332 2620 430 2658; x_wconf 77' lang='lat' dir='ltr'>matura</span> <span class='ocrx_word' id='word_1_185' title='bbox 448 2611 534 2660; x_wconf 69' lang='lat' dir='ltr'>aude.</span> <span class='ocrx_word' id='word_1_186' title='bbox 567 2613 686 2661; x_wconf 79' lang='lat' dir='ltr'>iuventus</span> <span class='ocrx_word' id='word_1_187' title='bbox 735 2609 1232 2676; x_wconf 72' lang='lat' dir='ltr'>populoshonoratissimumetiamexsal·</span> 
     </span>
     <span class='ocr_line' id='line_1_24' title="bbox 186 2681 1233 2749; baseline 0.002 -19"><span class='ocrx_word' id='word_1_188' title='bbox 186 2691 223 2730; x_wconf 82' lang='lat' dir='ltr'>eut</span> <span class='ocrx_word' id='word_1_189' title='bbox 236 2681 342 2744; x_wconf 82' lang='lat' dir='ltr'>fervido,</span> <span class='ocrx_word' id='word_1_190' title='bbox 361 2691 471 2732; x_wconf 77' lang='lat' dir='ltr'>senectus</span> <span class='ocrx_word' id='word_1_191' title='bbox 491 2687 552 2732; x_wconf 76' lang='lat' dir='ltr'>mitit</span> <span class='ocrx_word' id='word_1_192' title='bbox 559 2702 567 2741; x_wconf 84' lang='lat'>,-</span> <span class='ocrx_word' id='word_1_193' title='bbox 584 2687 686 2734; x_wconf 87' lang='lat' dir='ltr'>Metam.</span> <span class='ocrx_word' id='word_1_194' title='bbox 735 2684 814 2742; x_wconf 80' lang='lat' dir='ltr'>luetio,</span> <span class='ocrx_word' id='word_1_195' title='bbox 824 2685 922 2749; x_wconf 80' lang='lat' dir='ltr'>iugurt.</span> <span class='ocrx_word' id='word_1_196' title='bbox 933 2683 966 2732; x_wconf 83' lang='lat' dir='ltr'>xi.</span> <span class='ocrx_word' id='word_1_197' title='bbox 975 2685 1001 2733; x_wconf 81' lang='grc'>3.</span> <span class='ocrx_word' id='word_1_198' title='bbox 1012 2693 1037 2732; x_wconf 90' lang='lat' dir='ltr'>et</span> <span class='ocrx_word' id='word_1_199' title='bbox 1047 2685 1142 2735; x_wconf 82' lang='lat' dir='ltr'>Minue.</span> <span class='ocrx_word' id='word_1_200' title='bbox 1151 2686 1233 2733; x_wconf 81' lang='lat' dir='ltr'>Octar.</span> 
     </span>
     <span class='ocr_line' id='line_1_25' title="bbox 153 2755 1232 2822; baseline 0.001 -20"><span class='ocrx_word' id='word_1_201' title='bbox 153 2816 156 2821; x_wconf 13' lang='grc' dir='ltr'><strong><em>ἡ</em></strong></span> <span class='ocrx_word' id='word_1_202' title='bbox 188 2772 227 2803; x_wconf 87' lang='lat' dir='ltr'>xv.</span> <span class='ocrx_word' id='word_1_203' title='bbox 238 2757 301 2805; x_wconf 77' lang='lat'><strong>209:</strong></span> <span class='ocrx_word' id='word_1_204' title='bbox 320 2756 440 2821; x_wconf 84' lang='lat' dir='ltr'>“Excipit</span> <span class='ocrx_word' id='word_1_205' title='bbox 457 2766 593 2813; x_wconf 81' lang='lat' dir='ltr'>autumnus,</span> <span class='ocrx_word' id='word_1_206' title='bbox 611 2758 686 2821; x_wconf 89' lang='lat' dir='ltr'>posito</span> <span class='ocrx_word' id='word_1_207' title='bbox 737 2759 761 2804; x_wconf 99' lang='grc'><strong>4</strong></span> <span class='ocrx_word' id='word_1_208' title='bbox 772 2766 880 2822; x_wconf 89' lang='lat' dir='ltr'>apparet.</span> <span class='ocrx_word' id='word_1_209' title='bbox 913 2755 1014 2820; x_wconf 86' lang='lat' dir='ltr'>Reliqui</span> <span class='ocrx_word' id='word_1_210' title='bbox 1027 2755 1075 2804; x_wconf 89' lang='lat' dir='ltr'>duo</span> <span class='ocrx_word' id='word_1_211' title='bbox 1091 2759 1153 2805; x_wconf 73' lang='lat' dir='ltr'>letas</span> <span class='ocrx_word' id='word_1_212' title='bbox 1165 2755 1232 2805; x_wconf 83' lang='lat' dir='ltr'>modii</span> 
     </span>
     <span class='ocr_line' id='line_1_26' title="bbox 188 2827 1232 2895; baseline 0.003 -21"><span class='ocrx_word' id='word_1_213' title='bbox 188 2827 277 2877; x_wconf 80' lang='lat' dir='ltr'>fervore</span> <span class='ocrx_word' id='word_1_214' title='bbox 295 2829 410 2893; x_wconf 75' lang='lat' dir='ltr'>juventa,</span> <span class='ocrx_word' id='word_1_215' title='bbox 431 2831 543 2879; x_wconf 68' lang='lat' dir='ltr'>Maturus</span> <span class='ocrx_word' id='word_1_216' title='bbox 567 2829 687 2894; x_wconf 85' lang='lat' dir='ltr'>mitisque,</span> <span class='ocrx_word' id='word_1_217' title='bbox 738 2840 811 2895; x_wconf 78' lang='lat' dir='ltr'>tegere</span> <span class='ocrx_word' id='word_1_218' title='bbox 837 2829 988 2877; x_wconf 84' lang='lat' dir='ltr'>dicebantur.</span> <span class='ocrx_word' id='word_1_219' title='bbox 1026 2828 1153 2887; x_wconf 73' lang='lat' dir='ltr'>Juvenum,</span> <span class='ocrx_word' id='word_1_220' title='bbox 1176 2830 1232 2879; x_wconf 86' lang='lat' dir='ltr'>inter</span> 
     </span>
     <span class='ocr_line' id='line_1_27' title="bbox 188 2901 1232 2968; baseline 0 -18"><span class='ocrx_word' id='word_1_221' title='bbox 188 2901 250 2951; x_wconf 89' lang='lat' dir='ltr'>inter</span> <span class='ocrx_word' id='word_1_222' title='bbox 257 2903 417 2967; x_wconf 86' lang='lat' dir='ltr'>juvenemque</span> <span class='ocrx_word' id='word_1_223' title='bbox 428 2919 556 2967; x_wconf 83' lang='lat' dir='ltr'>senemque</span> <span class='ocrx_word' id='word_1_224' title='bbox 563 2903 687 2968; x_wconf 86' lang='lat' dir='ltr'>Temperie</span> <span class='ocrx_word' id='word_1_225' title='bbox 733 2902 845 2967; x_wconf 82' lang='lat' dir='ltr'>juvenes.</span> <span class='ocrx_word' id='word_1_226' title='bbox 863 2903 916 2949; x_wconf 86' lang='lat' dir='ltr'>Non</span> <span class='ocrx_word' id='word_1_227' title='bbox 926 2904 1102 2967; x_wconf 72' lang='lat' dir='ltr'>indignantibus</span> <span class='ocrx_word' id='word_1_228' title='bbox 1110 2903 1232 2964; x_wconf 66' lang='lat' dir='ltr'>ipsintone</span> 
     </span>
     <span class='ocr_line' id='line_1_28' title="bbox 189 2974 1233 3041; baseline 0.002 -17"><span class='ocrx_word' id='word_1_229' title='bbox 189 2975 306 3034; x_wconf 80' lang='lat' dir='ltr'>mediua.”</span> <span class='ocrx_word' id='word_1_230' title='bbox 329 2975 460 3040; x_wconf 80' lang='lat' dir='ltr'>Dionysius</span> <span class='ocrx_word' id='word_1_231' title='bbox 471 2976 595 3036; x_wconf 83' lang='lat' dir='ltr'>Halicarn.</span> <span class='ocrx_word' id='word_1_232' title='bbox 606 2976 633 3024; x_wconf 88' lang='lat' dir='ltr'>ii.</span> <span class='ocrx_word' id='word_1_233' title='bbox 648 2978 686 3025; x_wconf 81' lang='lat'>12.</span> <span class='ocrx_word' id='word_1_234' title='bbox 737 2992 777 3039; x_wconf 93' lang='lat' dir='ltr'>per</span> <span class='ocrx_word' id='word_1_235' title='bbox 787 2976 906 3035; x_wconf 79' lang='grc' dir='ltr'>λιτότητα</span> <span class='ocrx_word' id='word_1_236' title='bbox 917 2974 1016 3031; x_wconf 89' lang='lat' dir='ltr'>dictum,</span> <span class='ocrx_word' id='word_1_237' title='bbox 1028 2992 1103 3041; x_wconf 89' lang='lat' dir='ltr'>quum</span> <span class='ocrx_word' id='word_1_238' title='bbox 1115 2977 1150 3025; x_wconf 91' lang='lat' dir='ltr'>illi</span> <span class='ocrx_word' id='word_1_239' title='bbox 1160 2978 1233 3026; x_wconf 85' lang='lat' dir='ltr'>liben-</span> 
     </span>
     <span class='ocr_line' id='line_1_29' title="bbox 189 3047 1233 3115; baseline -0.001 -18"><span class='ocrx_word' id='word_1_240' title='bbox 189 3047 304 3097; x_wconf 88' lang='lat' dir='ltr'>incertum</span> <span class='ocrx_word' id='word_1_241' title='bbox 320 3047 441 3113; x_wconf 82' lang='lat' dir='ltr'>relinquit,</span> <span class='ocrx_word' id='word_1_242' title='bbox 451 3057 529 3097; x_wconf 91' lang='lat' dir='ltr'>utrum</span> <span class='ocrx_word' id='word_1_243' title='bbox 541 3050 570 3097; x_wconf 92' lang='lat' dir='ltr'>ob</span> <span class='ocrx_word' id='word_1_244' title='bbox 581 3057 689 3098; x_wconf 81' lang='lat' dir='ltr'>senectu-</span> <span class='ocrx_word' id='word_1_245' title='bbox 737 3057 773 3096; x_wconf 88' lang='lat' dir='ltr'>ter</span> <span class='ocrx_word' id='word_1_246' title='bbox 783 3048 807 3097; x_wconf 85' lang='lat' dir='ltr'>id</span> <span class='ocrx_word' id='word_1_247' title='bbox 819 3047 912 3097; x_wconf 84' lang='lat' dir='ltr'>honoris</span> <span class='ocrx_word' id='word_1_248' title='bbox 922 3048 1089 3097; x_wconf 82' lang='lat' dir='ltr'>concederent.</span> <span class='ocrx_word' id='word_1_249' title='bbox 1112 3049 1152 3098; x_wconf 87' lang='lat' dir='ltr'>Sic</span> <span class='ocrx_word' id='word_1_250' title='bbox 1163 3049 1233 3115; x_wconf 86' lang='lat' dir='ltr'>major</span> 
     </span>
     <span class='ocr_line' id='line_1_30' title="bbox 189 3113 1235 3191; baseline 0 -22"><span class='ocrx_word' id='word_1_251' title='bbox 189 3130 245 3178; x_wconf 88' lang='lat' dir='ltr'>tem,</span> <span class='ocrx_word' id='word_1_252' title='bbox 264 3137 294 3170; x_wconf 91' lang='lat' dir='ltr'>an</span> <span class='ocrx_word' id='word_1_253' title='bbox 314 3122 345 3171; x_wconf 88' lang='lat' dir='ltr'>ob</span> <span class='ocrx_word' id='word_1_254' title='bbox 363 3121 470 3170; x_wconf 80' lang='lat' dir='ltr'>virtutem</span> <span class='ocrx_word' id='word_1_255' title='bbox 492 3123 623 3188; x_wconf 80' lang='grc' dir='ltr'>γερουσίας</span> <span class='ocrx_word' id='word_1_256' title='bbox 638 3113 688 3191; x_wconf 55' lang='lat' dir='ltr'>eive</span> <span class='ocrx_word' id='word_1_257' title='bbox 737 3131 773 3169; x_wconf 89' lang='lat' dir='ltr'>est</span> <span class='ocrx_word' id='word_1_258' title='bbox 782 3121 919 3170; x_wconf 81' lang='lat' dir='ltr'>reverentia.</span> <span class='ocrx_word' id='word_1_259' title='bbox 944 3121 1056 3178; x_wconf 80' lang='lat' dir='ltr'>Interior,</span> <span class='ocrx_word' id='word_1_260' title='bbox 1067 3121 1189 3180; x_wconf 79' lang='lat' dir='ltr'>Horatius,</span> <span class='ocrx_word' id='word_1_261' title='bbox 1200 3122 1235 3170; x_wconf 89' lang='grc'>11.</span> 
     </span>
     <span class='ocr_line' id='line_1_31' title="bbox 190 3194 1235 3261; baseline 0.003 -19"><span class='ocrx_word' id='word_1_262' title='bbox 190 3204 280 3244; x_wconf 74' lang='lat' dir='ltr'>nimius</span> <span class='ocrx_word' id='word_1_263' title='bbox 290 3211 375 3253; x_wconf 81' lang='lat' dir='ltr'>nomen</span> <span class='ocrx_word' id='word_1_264' title='bbox 391 3197 523 3261; x_wconf 75' lang='lat' dir='ltr'>acceperit,</span> <span class='ocrx_word' id='word_1_265' title='bbox 541 3212 587 3244; x_wconf 88' lang='lat' dir='ltr'>non</span> <span class='ocrx_word' id='word_1_266' title='bbox 598 3196 632 3245; x_wconf 89' lang='lat' dir='ltr'>ita</span> <span class='ocrx_word' id='word_1_267' title='bbox 643 3194 688 3245; x_wconf 93' lang='lat' dir='ltr'>du·</span> <span class='ocrx_word' id='word_1_268' title='bbox 736 3195 788 3247; x_wconf 83' lang='lat' dir='ltr'>Sat.</span> <span class='ocrx_word' id='word_1_269' title='bbox 798 3211 821 3242; x_wconf 90' lang='lat' dir='ltr'>r.</span> <span class='ocrx_word' id='word_1_270' title='bbox 834 3195 878 3243; x_wconf 79' lang='lat'>17:</span> <span class='ocrx_word' id='word_1_271' title='bbox 896 3201 913 3221; x_wconf 90' lang='grc'>“</span> <span class='ocrx_word' id='word_1_272' title='bbox 923 3194 961 3243; x_wconf 88' lang='lat' dir='ltr'>Ne</span> <span class='ocrx_word' id='word_1_273' title='bbox 973 3202 1053 3243; x_wconf 85' lang='lat' dir='ltr'>tamen</span> <span class='ocrx_word' id='word_1_274' title='bbox 1063 3195 1101 3243; x_wconf 92' lang='lat' dir='ltr'>illi</span> <span class='ocrx_word' id='word_1_275' title='bbox 1111 3196 1148 3245; x_wconf 84' lang='lat' dir='ltr'>Tu</span> <span class='ocrx_word' id='word_1_276' title='bbox 1159 3211 1235 3245; x_wconf 77' lang='lat' dir='ltr'>comer</span> 
     </span>
     <span class='ocr_line' id='line_1_32' title="bbox 191 3266 1236 3330; baseline 0.002 -14"><span class='ocrx_word' id='word_1_277' title='bbox 191 3269 276 3317; x_wconf 87' lang='lat' dir='ltr'>bitarit</span> <span class='ocrx_word' id='word_1_278' title='bbox 290 3270 345 3318; x_wconf 88' lang='lat' dir='ltr'>Cic.</span> <span class='ocrx_word' id='word_1_279' title='bbox 360 3272 456 3318; x_wconf 83' lang='lat' dir='ltr'>Senect.</span> <span class='ocrx_word' id='word_1_280' title='bbox 468 3271 497 3317; x_wconf 89' lang='lat'>6:</span> <span class='ocrx_word' id='word_1_281' title='bbox 520 3276 536 3296; x_wconf 87' lang='grc'><em>“</em></span> <span class='ocrx_word' id='word_1_282' title='bbox 549 3269 687 3327; x_wconf 78' lang='lat' dir='ltr'>Consilium,</span> <span class='ocrx_word' id='word_1_283' title='bbox 737 3266 846 3325; x_wconf 80' lang='lat' dir='ltr'>exterior,</span> <span class='ocrx_word' id='word_1_284' title='bbox 857 3267 879 3315; x_wconf 93' lang='lat' dir='ltr'>si</span> <span class='ocrx_word' id='word_1_285' title='bbox 888 3267 1000 3330; x_wconf 71' lang='lat' dir='ltr'>postulet,</span> <span class='ocrx_word' id='word_1_286' title='bbox 1011 3266 1044 3316; x_wconf 88' lang='lat' dir='ltr'>ire</span> <span class='ocrx_word' id='word_1_287' title='bbox 1059 3283 1155 3318; x_wconf 77' lang='lat' dir='ltr'>recuses</span> <span class='ocrx_word' id='word_1_288' title='bbox 1160 3269 1187 3330; x_wconf 84' lang='lat'>;”</span> <span class='ocrx_word' id='word_1_289' title='bbox 1203 3270 1236 3318; x_wconf 89' lang='lat' dir='ltr'>ibi</span> 
     </span>
     <span class='ocr_line' id='line_1_33' title="bbox 191 3340 1236 3407; baseline 0.003 -18"><span class='ocrx_word' id='word_1_290' title='bbox 191 3341 259 3399; x_wconf 87' lang='lat' dir='ltr'>ratio,</span> <span class='ocrx_word' id='word_1_291' title='bbox 270 3342 386 3391; x_wconf 86' lang='lat' dir='ltr'>sententia</span> <span class='ocrx_word' id='word_1_292' title='bbox 398 3341 442 3407; x_wconf 89' lang='lat' dir='ltr'>nisi</span> <span class='ocrx_word' id='word_1_293' title='bbox 454 3351 533 3390; x_wconf 81' lang='lat' dir='ltr'>essent</span> <span class='ocrx_word' id='word_1_294' title='bbox 544 3342 568 3391; x_wconf 92' lang='lat' dir='ltr'>in</span> <span class='ocrx_word' id='word_1_295' title='bbox 582 3342 685 3399; x_wconf 80' lang='lat' dir='ltr'>senibus,</span> <span class='ocrx_word' id='word_1_296' title='bbox 738 3340 870 3390; x_wconf 82' lang='lat' dir='ltr'>Gesnerus:</span> <span class='ocrx_word' id='word_1_297' title='bbox 889 3347 904 3366; x_wconf 80' lang='lat'>‘⁴</span> <span class='ocrx_word' id='word_1_298' title='bbox 919 3341 1017 3390; x_wconf 81' lang='lat' dir='ltr'>interior</span> <span class='ocrx_word' id='word_1_299' title='bbox 1034 3341 1064 3390; x_wconf 82' lang='lat' dir='ltr'>de</span> <span class='ocrx_word' id='word_1_300' title='bbox 1081 3341 1175 3392; x_wconf 78' lang='lat' dir='ltr'>duobus</span> <span class='ocrx_word' id='word_1_301' title='bbox 1189 3358 1236 3391; x_wconf 77' lang='lat' dir='ltr'>una</span> 
     </span>
     <span class='ocr_line' id='line_1_34' title="bbox 190 3414 1235 3481; baseline 0.002 -18"><span class='ocrx_word' id='word_1_302' title='bbox 190 3431 237 3464; x_wconf 88' lang='lat' dir='ltr'>non</span> <span class='ocrx_word' id='word_1_303' title='bbox 248 3431 365 3463; x_wconf 80' lang='lat' dir='ltr'>summum</span> <span class='ocrx_word' id='word_1_304' title='bbox 376 3414 500 3463; x_wconf 78' lang='lat' dir='ltr'>consiliunt</span> <span class='ocrx_word' id='word_1_305' title='bbox 508 3415 607 3481; x_wconf 87' lang='lat' dir='ltr'>majores</span> <span class='ocrx_word' id='word_1_306' title='bbox 616 3414 688 3464; x_wconf 83' lang='lat' dir='ltr'>nostri</span> <span class='ocrx_word' id='word_1_307' title='bbox 737 3415 848 3463; x_wconf 86' lang='lat' dir='ltr'>euntibus</span> <span class='ocrx_word' id='word_1_308' title='bbox 859 3422 903 3470; x_wconf 76' lang='lat' dir='ltr'>est,</span> <span class='ocrx_word' id='word_1_309' title='bbox 915 3415 956 3479; x_wconf 90' lang='lat' dir='ltr'>qui</span> <span class='ocrx_word' id='word_1_310' title='bbox 971 3414 1002 3464; x_wconf 89' lang='lat' dir='ltr'>ad</span> <span class='ocrx_word' id='word_1_311' title='bbox 1015 3415 1132 3480; x_wconf 84' lang='lat' dir='ltr'>parietem</span> <span class='ocrx_word' id='word_1_312' title='bbox 1146 3417 1174 3474; x_wconf 91' lang='lat' dir='ltr'>it,</span> <span class='ocrx_word' id='word_1_313' title='bbox 1187 3416 1235 3465; x_wconf 79' lang='lat' dir='ltr'>aire</span> 
     </span>
     <span class='ocr_line' id='line_1_35' title="bbox 109 3486 1236 3554; baseline 0.004 -20"><span class='ocrx_word' id='word_1_314' title='bbox 109 3511 111 3516; x_wconf 95' lang='lat'><em>·</em></span> <span class='ocrx_word' id='word_1_315' title='bbox 190 3487 350 3551; x_wconf 79' lang='lat' dir='ltr'>appellassent</span> <span class='ocrx_word' id='word_1_316' title='bbox 369 3496 486 3535; x_wconf 81' lang='lat' dir='ltr'>senatum.</span> <span class='ocrx_word' id='word_1_317' title='bbox 519 3487 592 3552; x_wconf 84' lang='lat' dir='ltr'>Apud</span> <span class='ocrx_word' id='word_1_318' title='bbox 613 3489 688 3537; x_wconf 85' lang='lat' dir='ltr'>Lace·</span> <span class='ocrx_word' id='word_1_319' title='bbox 738 3486 888 3544; x_wconf 65' lang='lat' dir='ltr'>dementire</span> <span class='ocrx_word' id='word_1_320' title='bbox 905 3488 1014 3545; x_wconf 79' lang='lat' dir='ltr'>sinister;</span> <span class='ocrx_word' id='word_1_321' title='bbox 1031 3488 1191 3554; x_wconf 73' lang='lat' dir='ltr'>citerior„qui</span> <span class='ocrx_word' id='word_1_322' title='bbox 1206 3491 1236 3538; x_wconf 86' lang='lat' dir='ltr'>ab</span> 
     </span>
     <span class='ocr_line' id='line_1_36' title="bbox 190 3557 1225 3627; baseline 0.007 -21"><span class='ocrx_word' id='word_1_323' title='bbox 190 3557 319 3608; x_wconf 72' lang='lat' dir='ltr'>daemonius</span> <span class='ocrx_word' id='word_1_324' title='bbox 330 3559 424 3625; x_wconf 89' lang='lat' dir='ltr'>quidem</span> <span class='ocrx_word' id='word_1_325' title='bbox 432 3560 458 3616; x_wconf 95' lang='lat' dir='ltr'>ii,</span> <span class='ocrx_word' id='word_1_326' title='bbox 468 3560 508 3625; x_wconf 89' lang='lat' dir='ltr'>qui</span> <span class='ocrx_word' id='word_1_327' title='bbox 518 3559 687 3626; x_wconf 82' lang='lat' dir='ltr'>amplissimum</span> <span class='ocrx_word' id='word_1_328' title='bbox 737 3561 780 3608; x_wconf 89' lang='lat' dir='ltr'>illa</span> <span class='ocrx_word' id='word_1_329' title='bbox 790 3562 902 3611; x_wconf 88' lang='lat' dir='ltr'>exteriore</span> <span class='ocrx_word' id='word_1_330' title='bbox 914 3571 988 3627; x_wconf 84' lang='lat' dir='ltr'>parte,</span> <span class='ocrx_word' id='word_1_331' title='bbox 999 3578 1048 3626; x_wconf 87' lang='lat' dir='ltr'>qua</span> <span class='ocrx_word' id='word_1_332' title='bbox 1058 3579 1106 3612; x_wconf 88' lang='lat' dir='ltr'>non</span> <span class='ocrx_word' id='word_1_333' title='bbox 1118 3564 1150 3612; x_wconf 81' lang='lat' dir='ltr'>ita</span> <span class='ocrx_word' id='word_1_334' title='bbox 1161 3564 1225 3613; x_wconf 88' lang='lat' dir='ltr'>muni</span> 
     </span>
     <span class='ocr_line' id='line_1_37' title="bbox 190 3633 1236 3702; baseline 0.008 -23"><span class='ocrx_word' id='word_1_335' title='bbox 190 3633 352 3695; x_wconf 77' lang='lat' dir='ltr'>magistratum</span> <span class='ocrx_word' id='word_1_336' title='bbox 363 3642 490 3698; x_wconf 80' lang='lat' dir='ltr'>gerunt,ut</span> <span class='ocrx_word' id='word_1_337' title='bbox 500 3643 563 3690; x_wconf 88' lang='lat' dir='ltr'>sunt,</span> <span class='ocrx_word' id='word_1_338' title='bbox 574 3634 687 3682; x_wconf 84' lang='lat' dir='ltr'>sicetiam</span> <span class='ocrx_word' id='word_1_339' title='bbox 738 3641 776 3682; x_wconf 85' lang='lat' dir='ltr'>tue</span> <span class='ocrx_word' id='word_1_340' title='bbox 794 3644 838 3692; x_wconf 82' lang='lat' dir='ltr'>est,</span> <span class='ocrx_word' id='word_1_341' title='bbox 856 3635 919 3684; x_wconf 85' lang='lat' dir='ltr'>latua</span> <span class='ocrx_word' id='word_1_342' title='bbox 937 3635 972 3683; x_wconf 90' lang='lat' dir='ltr'>illi</span> <span class='ocrx_word' id='word_1_343' title='bbox 988 3636 1081 3684; x_wconf 87' lang='lat' dir='ltr'>claudit</span> <span class='ocrx_word' id='word_1_344' title='bbox 1098 3638 1137 3686; x_wconf 83' lang='lat' dir='ltr'>vel</span> <span class='ocrx_word' id='word_1_345' title='bbox 1154 3637 1236 3702; x_wconf 53' lang='lat' dir='ltr'>tegit?</span> 
     </span>
     <span class='ocr_line' id='line_1_38' title="bbox 191 3705 1236 3775; baseline 0.008 -23"><span class='ocrx_word' id='word_1_346' title='bbox 191 3705 341 3755; x_wconf 87' lang='lat' dir='ltr'>nominantur</span> <span class='ocrx_word' id='word_1_347' title='bbox 350 3707 445 3757; x_wconf 80' lang='lat' dir='ltr'>senes.”</span> <span class='ocrx_word' id='word_1_348' title='bbox 463 3707 502 3771; x_wconf 82' lang='lat' dir='ltr'>Sic</span> <span class='ocrx_word' id='word_1_349' title='bbox 512 3716 536 3754; x_wconf 89' lang='lat' dir='ltr'>et</span> <span class='ocrx_word' id='word_1_350' title='bbox 547 3707 689 3756; x_wconf 76' lang='lat' dir='ltr'>Plutarchus</span> <span class='ocrx_word' id='word_1_351' title='bbox 739 3707 851 3764; x_wconf 75' lang='lat' dir='ltr'>Censura,</span> <span class='ocrx_word' id='word_1_352' title='bbox 866 3708 906 3773; x_wconf 81' lang='lat' dir='ltr'>jus</span> <span class='ocrx_word' id='word_1_353' title='bbox 926 3708 1060 3773; x_wconf 77' lang='lat' dir='ltr'>castigandi</span> <span class='ocrx_word' id='word_1_354' title='bbox 1079 3713 1181 3775; x_wconf 87' lang='lat' dir='ltr'>turpiter</span> <span class='ocrx_word' id='word_1_355' title='bbox 1201 3711 1236 3760; x_wconf 77' lang='lat' dir='ltr'>rel</span> 
     </span>
     <span class='ocr_line' id='line_1_39' title="bbox 191 3777 1236 3850; baseline 0.009 -25"><span class='ocrx_word' id='word_1_356' title='bbox 191 3777 219 3827; x_wconf 88' lang='lat' dir='ltr'>in</span> <span class='ocrx_word' id='word_1_357' title='bbox 238 3779 349 3838; x_wconf 83' lang='lat' dir='ltr'>Romulo,</span> <span class='ocrx_word' id='word_1_358' title='bbox 368 3780 407 3828; x_wconf 82' lang='grc'>13.</span> <span class='ocrx_word' id='word_1_359' title='bbox 425 3788 450 3828; x_wconf 94' lang='lat' dir='ltr'>et</span> <span class='ocrx_word' id='word_1_360' title='bbox 470 3779 519 3833; x_wconf 86' lang='lat' dir='ltr'>alii.</span> <span class='ocrx_word' id='word_1_361' title='bbox 554 3778 686 3842; x_wconf 77' lang='lat' dir='ltr'>Finitisque,</span> <span class='ocrx_word' id='word_1_362' title='bbox 738 3783 869 3846; x_wconf 84' lang='lat' dir='ltr'>loquentes,</span> <span class='ocrx_word' id='word_1_363' title='bbox 886 3782 923 3830; x_wconf 87' lang='lat' dir='ltr'>vel</span> <span class='ocrx_word' id='word_1_364' title='bbox 941 3792 1039 3847; x_wconf 74' lang='lat' dir='ltr'>agentes</span> <span class='ocrx_word' id='word_1_365' title='bbox 1055 3798 1112 3832; x_wconf 87' lang='lat' dir='ltr'>curn</span> <span class='ocrx_word' id='word_1_366' title='bbox 1131 3798 1236 3850; x_wconf 73' lang='lat' dir='ltr'>respecw</span> 
     </span>
     <span class='ocr_line' id='line_1_40' title="bbox 191 3851 1239 3923; baseline 0.007 -24"><span class='ocrx_word' id='word_1_367' title='bbox 191 3860 240 3901; x_wconf 89' lang='lat' dir='ltr'>etc.</span> <span class='ocrx_word' id='word_1_368' title='bbox 281 3855 337 3902; x_wconf 90' lang='lat' dir='ltr'>Jam</span> <span class='ocrx_word' id='word_1_369' title='bbox 359 3852 440 3919; x_wconf 81' lang='lat' dir='ltr'>primis</span> <span class='ocrx_word' id='word_1_370' title='bbox 461 3851 562 3917; x_wconf 87' lang='lat' dir='ltr'>reipubl.</span> <span class='ocrx_word' id='word_1_371' title='bbox 583 3853 687 3902; x_wconf 88' lang='lat' dir='ltr'>Roman.</span> <span class='ocrx_word' id='word_1_372' title='bbox 738 3864 818 3904; x_wconf 88' lang='lat' dir='ltr'>tamen</span> <span class='ocrx_word' id='word_1_373' title='bbox 839 3855 869 3905; x_wconf 85' lang='lat' dir='ltr'>ad</span> <span class='ocrx_word' id='word_1_374' title='bbox 891 3856 993 3905; x_wconf 83' lang='lat' dir='ltr'>censorie</span> <span class='ocrx_word' id='word_1_375' title='bbox 1017 3873 1114 3908; x_wconf 80' lang='lat' dir='ltr'>munus.</span> <span class='ocrx_word' id='word_1_376' title='bbox 1155 3861 1239 3923; x_wconf 67' lang='lat' dir='ltr'>longa</span> 
     </span>
     <span class='ocr_line' id='line_1_41' title="bbox 192 3926 1238 3997; baseline 0.009 -25"><span class='ocrx_word' id='word_1_377' title='bbox 192 3927 336 3992; x_wconf 86' lang='lat' dir='ltr'>temporibus</span> <span class='ocrx_word' id='word_1_378' title='bbox 353 3935 446 3974; x_wconf 83' lang='lat' dir='ltr'>matura</span> <span class='ocrx_word' id='word_1_379' title='bbox 463 3934 521 3972; x_wconf 80' lang='lat' dir='ltr'>retas</span> <span class='ocrx_word' id='word_1_380' title='bbox 538 3926 689 3989; x_wconf 79' lang='lat' dir='ltr'>spectabatur</span> <span class='ocrx_word' id='word_1_381' title='bbox 738 3938 834 3978; x_wconf 80' lang='lat' dir='ltr'>senecta</span> <span class='ocrx_word' id='word_1_382' title='bbox 845 3946 963 3995; x_wconf 89' lang='lat' dir='ltr'>quemque</span> <span class='ocrx_word' id='word_1_383' title='bbox 979 3930 1097 3981; x_wconf 86' lang='lat' dir='ltr'>reddebat</span> <span class='ocrx_word' id='word_1_384' title='bbox 1111 3933 1180 3997; x_wconf 83' lang='lat' dir='ltr'>quasi</span> <span class='ocrx_word' id='word_1_385' title='bbox 1190 3949 1238 3982; x_wconf 83' lang='lat' dir='ltr'>rno-</span> 
     </span>
     <span class='ocr_line' id='line_1_42' title="bbox 191 3998 1239 4066; baseline 0.008 -20"><span class='ocrx_word' id='word_1_386' title='bbox 191 3999 215 4047; x_wconf 90' lang='lat' dir='ltr'>io</span> <span class='ocrx_word' id='word_1_387' title='bbox 227 4000 401 4063; x_wconf 80' lang='lat' dir='ltr'>magistratibus</span> <span class='ocrx_word' id='word_1_388' title='bbox 412 3998 526 4046; x_wconf 73' lang='lat' dir='ltr'>cronon.</span> <span class='ocrx_word' id='word_1_389' title='bbox 553 3999 616 4048; x_wconf 88' lang='lat' dir='ltr'>Hinc</span> <span class='ocrx_word' id='word_1_390' title='bbox 626 4015 688 4049; x_wconf 90' lang='lat' dir='ltr'>anno</span> <span class='ocrx_word' id='word_1_391' title='bbox 737 4019 790 4050; x_wconf 92' lang='lat' dir='ltr'>rum</span> <span class='ocrx_word' id='word_1_392' title='bbox 798 4004 950 4066; x_wconf 72' lang='lat' dir='ltr'>magistrum,</span> <span class='ocrx_word' id='word_1_393' title='bbox 963 4004 1026 4054; x_wconf 88' lang='lat' dir='ltr'>conl.</span> <span class='ocrx_word' id='word_1_394' title='bbox 1034 4005 1160 4055; x_wconf 78' lang='lat' dir='ltr'>Plutarchi</span> <span class='ocrx_word' id='word_1_395' title='bbox 1169 4007 1239 4056; x_wconf 77' lang='lat' dir='ltr'>luati-</span> 
     </span>
     <span class='ocr_line' id='line_1_43' title="bbox 194 4070 1007 4136; baseline 0.007 -17"><span class='ocrx_word' id='word_1_396' title='bbox 194 4072 223 4120; x_wconf 91' lang='lat' dir='ltr'>U.</span> <span class='ocrx_word' id='word_1_397' title='bbox 234 4073 264 4121; x_wconf 86' lang='lat' dir='ltr'>C.</span> <span class='ocrx_word' id='word_1_398' title='bbox 275 4074 331 4120; x_wconf 80' lang='lat'>539.</span> <span class='ocrx_word' id='word_1_399' title='bbox 340 4070 450 4120; x_wconf 87' lang='lat' dir='ltr'>Cornelio</span> <span class='ocrx_word' id='word_1_400' title='bbox 466 4071 569 4136; x_wconf 89' lang='lat' dir='ltr'>Scipioni</span> <span class='ocrx_word' id='word_1_401' title='bbox 587 4073 686 4123; x_wconf 82' lang='lat' dir='ltr'>edilita-</span> <span class='ocrx_word' id='word_1_402' title='bbox 738 4085 782 4124; x_wconf 89' lang='lat' dir='ltr'>tut.</span> <span class='ocrx_word' id='word_1_403' title='bbox 794 4077 881 4126; x_wconf 87' lang='lat' dir='ltr'>Lacon.</span> <span class='ocrx_word' id='word_1_404' title='bbox 891 4093 910 4124; x_wconf 78' lang='lat' dir='ltr'>a.</span> <span class='ocrx_word' id='word_1_405' title='bbox 921 4079 937 4125; x_wconf 81' lang='lat'><strong>3</strong></span> <span class='ocrx_word' id='word_1_406' title='bbox 947 4087 972 4125; x_wconf 90' lang='lat' dir='ltr'>et</span> <span class='ocrx_word' id='word_1_407' title='bbox 984 4080 1007 4125; x_wconf 89' lang='grc'>4.</span> 
     </span>
    </p>
   </div>
   <div class='ocr_carea' id='block_1_4' title="bbox 192 4146 1241 4217">
    <p class='ocr_par' dir='ltr' id='par_1_9' title="bbox 192 4146 1241 4217">
     <span class='ocr_line' id='line_1_44' title="bbox 192 4146 1241 4217; baseline 0.01 -25"><span class='ocrx_word' id='word_1_408' title='bbox 192 4154 241 4195; x_wconf 84' lang='lat' dir='ltr'>tent</span> <span class='ocrx_word' id='word_1_409' title='bbox 255 4147 372 4211; x_wconf 78' lang='lat' dir='ltr'>spectanti</span> <span class='ocrx_word' id='word_1_410' title='bbox 384 4146 524 4196; x_wconf 81' lang='lat' dir='ltr'>obstiterunt</span> <span class='ocrx_word' id='word_1_411' title='bbox 536 4148 622 4198; x_wconf 90' lang='lat' dir='ltr'>tribuni</span> <span class='ocrx_word' id='word_1_412' title='bbox 636 4149 685 4215; x_wconf 87' lang='lat' dir='ltr'>ple·</span> <span class='ocrx_word' id='word_1_413' title='bbox 771 4151 809 4199; x_wconf 88' lang='grc'>71.</span> <span class='ocrx_word' id='word_1_414' title='bbox 833 4151 930 4207; x_wconf 81' lang='lat' dir='ltr'>Selecto,</span> <span class='ocrx_word' id='word_1_415' title='bbox 950 4153 1097 4217; x_wconf 75' lang='lat' dir='ltr'>prestantia.</span> <span class='ocrx_word' id='word_1_416' title='bbox 1133 4155 1241 4212; x_wconf 76' lang='lat' dir='ltr'>Pectora,</span> 
     </span>
    </p>
   </div>
   <div class='ocr_carea' id='block_1_5' title="bbox 0 0 1429 5018">
    <p class='ocr_par' dir='ltr' id='par_1_10' title="bbox 0 0 1429 5018">
     <span class='ocr_line' id='line_1_45' title="bbox 0 0 1429 5018; baseline 0 0"><span class='ocrx_word' id='word_1_417' title='bbox 0 0 1429 5018; x_wconf 95' lang='lat' dir='ltr'> </span> 
     </span>
    </p>
   </div>
  </div>
 </body>
</html>
