2806 5018
538 373 644 440 lBlS.
1048 376 1114 440 tot

61 546 216 643 Quique
236 546 457 620 verecundae
474 549 734 644 speculantem
751 548 857 621 labra
876 544 1021 631 Dianae,

114 661 274 758 Quique
286 661 543 758 Crotopiaden
561 663 750 760 diripuere
769 662 903 736 Linon.

62 776 171 850 Neve
188 786 373 850 venenato
390 778 509 851 levius
525 777 669 851 feriaris
687 778 735 850 ab
754 799 889 873 angue,

114 889 239 975 Quam
258 891 359 965 senis
379 893 509 989 OEagri
529 892 802 990 Calliopesque
818 915 957 979 nurus;
1036 895 1111 964 «lat

63 1004 188 1090 Quam
215 1029 309 1104 puer
331 1006 587 1105 Hypsipyles;
617 1030 732 1104 quam
759 1006 825 1104 qui
851 1028 944 1079 cava
970 1006 1111 1103 primus

115 1122 286 1219 Cuspide
305 1122 472 1220 suspecti
492 1124 626 1197 robora
641 1122 725 1195 fixit
742 1123 844 1219 equi.
984 1124 1113 1217 [acuta

62 1234 170 1310 Neve
187 1237 326 1333 gradus
345 1237 459 1311 adeas
478 1236 667 1335 Elpenore
684 1238 831 1311 cautius
849 1237 957 1321 altos,

112 1351 276 1450 Vimque
291 1351 389 1426 feras
402 1353 490 1440 vini,
505 1376 582 1450 quo
595 1352 683 1426 tulit
694 1353 759 1426 ille
777 1346 901 1426 modo.

60 1465 234 1564 Tamque
260 1467 377 1541 cadas
402 1468 579 1556 domitus,
604 1492 719 1567 quam
741 1467 914 1566 quisquis
937 1467 985 1540 ad
1009 1486 1112 1539 arma

213 1594 409 1656 vocantem

112 1695 136 1768 J
140 1697 218 1771 uvit
235 1698 479 1772 inhumanum
498 1698 773 1774 Thiodamanta
792 1700 965 1798 Dryops3
1037 1701 1111 1769 490

60 1809 189 1895 Quam
206 1812 307 1888 ferus
327 1813 407 1912 ipse
427 1838 495 1887 suo
513 1816 625 1911 periit
641 1825 828 1888 mactatus
847 1814 883 1885 in
903 1824 1009 1887 antro

113 1924 293 2001 Proditus
312 1929 466 2002 inolusae
486 1928 612 2003 Cacus
635 1932 683 2003 ab
702 1954 766 2004 ore
783 1929 910 2015 bovis;

61 2040 189 2125 Quam
207 2041 271 2138 qui
290 2041 390 2116 dona
406 2044 493 2117 tulit
511 2043 666 2117 Lernaeo
685 2046 804 2118 tincta
820 2065 976 2128 veneno,

115 2154 385 2255 Euboicasque
403 2183 472 2232 suo
490 2160 673 2256 sanguine
690 2159 803 2232 tinxit
821 2181 952 2254 aquas.

60 2271 136 2345 Vel
152 2271 202 2345 de
220 2272 404 2372 praecipiti
422 2275 551 2349 venias
568 2276 605 2347 in
624 2273 779 2348 Tartara
797 2294 901 2359 sarm,
1035 2273 1109 2344 495

117 2386 172 2460 Ut
187 2387 252 2484 qui
272 2386 506 2462 Socraticum
524 2390 572 2463 de
591 2414 684 2463 nece
702 2390 793 2485 legit
809 2412 925 2485 opus3

59 2585 249 2651 dimerptosest.
275 2586 562 2651 Ego'lhrasumeundem
613 2590 637 2638 oi
663 2605 679 2637 a
700 2588 792 2638 Grecis
812 2588 894 2636 loisrm
915 2584 1063 2651 prohibitum
1087 2591 1113 2633 ot

59 2665 125 2723 poto
149 2673 205 2707 cnm
224 2658 331 2717 lbrasio,
352 2660 410 2709 Aoii
435 2662 564 2711 sacerdotis
614 2680 688 2728 quum
715 2664 745 2712 ab
772 2660 868 2711 oraculo
893 2656 1008 2708 admoniti
1035 2666 1115 2708 essent

61 2731 123 2787 lilio,
133 2729 165 2780 de
175 2747 222 2796 quo
233 2732 352 2798 Hyginus,
363 2749 418 2799 cap.
429 2737 488 2783 2⁴7.
615 2736 703 2792 Greci,
722 2752 769 2785 non
786 2734 851 2801 prius
865 2732 961 2782 Thebas
975 2747 1044 2799 posse
1060 2747 1113 2798 per·

95 2806 155 2854 482·
172 2806 261 2870 Quique
268 2808 416 2870 Crotopiaden
424 2810 561 2872 diripuere]
614 2811 703 2867 venire,
715 2826 788 2874 quem
803 2807 942 2857 Archemori
959 2821 1041 2854 mones
1058 2805 1111 2871 plo·

66 2880 125 2929 Doo
143 2879 197 2928 Liui
214 2880 316 2938 fuerunt,
333 2881 392 2930 alter
407 2881 524 2948 Apollinis
540 2890 565 2931 et
614 2891 716 2938 cessent,
727 2882 796 2931 ludos
808 2880 916 2929 funebres
930 2879 1111 2934 constituerunt,

62 2953 214 3010 Psamathes,
222 2954 278 3003 filio
292 2954 397 3021 Crotopi,
406 2955 477 3013 filius,
494 2970 508 3003 a
523 2971 564 3004 eo·
615 2955 645 3003 de
658 2955 745 3019 quibus
757 2954 857 3002 victores
875 2951 922 3015 apii
938 2966 1024 2999 corono
1038 2947 1111 3012 insig-

62 3027 137 3076 nibus
150 3037 186 3076 est
196 3028 335 3094 discerptus,
353 3031 497 3092 Crotopiader
507 3029 565 3078 dici·
616 3027 749 3083 niebantor,
760 3033 785 3075 et
798 3024 850 3073 lodi
866 3032 949 3089 posteo
962 3021 1068 3070 celebres
1081 3036 1112 3069 ex

64 3109 115 3157 tor,
127 3100 192 3166 qood
209 3116 282 3166 nepos
299 3101 329 3150 sit
344 3102 449 3167 Crotopi.
463 3104 566 3151 Peucon.
615 3101 647 3148 iv.
662 3099 777 3165 agonibus
788 3096 891 3146 Isthmii.
906 3093 1112 3147 lllrcuor-Qrmm

63 3174 126 3223 ulter
140 3173 297 3238 Amphimori,
313 3174 365 3241 ejus
380 3175 421 3240 qui
440 3175 484 3225 luit
500 3177 566 3242 Nep-
616 3175 663 3237 qni.
679 3174 798 3225 Laocoon,
809 3168 913 3217 immisso
927 3166 975 3216 telo
986 3166 1011 3215 in
1022 3178 1110 3231 equum

64 3245 117 3296 toni
136 3257 162 3295 et
178 3246 276 3295 Uranie
293 3247 327 3296 fil.
345 3247 386 3312 qui
404 3249 434 3297 ab
454 3248 566 3314 Apolline
615 3246 744 3312 Trojaoum
763 3244 877 3309 ligneum,
897 3239 1013 3306 serpentis
1032 3254 1112 3288 morsu

63 3320 160 3385 segittis
176 3320 349 3378 conticescit,
365 3323 471 3388 eoquod
486 3338 511 3370 se
531 3322 565 3370 illi
616 3321 713 3369 cecidit.
747 3320 836 3368 Notum
853 3324 890 3365 est
902 3330 997 3364 cannen
1006 3311 1112 3378 Virgilii.

63 3394 228 3443 musices
237 3403 405 3460 comparesset.
616 3394 687 3442 Dore.

97 3466 158 3516 483.
182 3466 266 3530 Nem]
293 3467 420 3532 Eurydice,
441 3484 500 3517 uxor
519 3468 563 3516 Or·
649 3469 706 3517 49³.
725 3467 799 3521 Quom
814 3468 853 3528 qui
867 3462 949 3526 dorin]
968 3459 1056 3511 Lichas
1070 3474 1111 3509 se-

64 3540 133 3607 phi,
151 3539 195 3589 filli
213 3541 293 3605 OEogri
315 3550 340 3590 et
357 3541 493 3608 Calliopen
510 3542 565 3591 ride
614 3549 725 3591 oenstaru
744 3537 848 3588 tunicam
868 3533 967 3584 Herculi
986 3532 1113 3590 adtulite

64 3612 140 3663 Ovid.
155 3614 256 3662 Metam.
273 3614 316 3662 lib.
329 3632 355 3663 x.
373 3631 435 3663 vers.
452 3617 498 3664 10:
517 3631 564 3664 sor·
615 3631 662 3678 quo
675 3615 699 3662 iu
715 3628 779 3662 mare
790 3609 921 3660 Euboicum
937 3608 1045 3674 dejectus
1059 3616 1095 3656 est
1104 3624 1112 3668 ;

64 3685 146 3751 pontis
155 3685 205 3735 lete
213 3696 360 3736 mortuaest.
617 3688 705 3752 llygin.
717 3701 768 3751 cap.
779 3686 819 3733 ³6.
837 3684 907 3732 Dore.

100 3761 160 3809 486.
180 3759 254 3814 Quom
269 3762 351 3826 poen]
371 3761 494 3828 Opheltes,
505 3761 567 3810 filius
649 3763 704 3809 495.
725 3759 765 3807 Vel
774 3762 801 3806 de
811 3758 921 3820 precipiti
932 3759 1007 3804 oeulos
1017 3758 1043 3804 ia
1053 3752 1111 3803 Tar-

66 3831 171 3898 Lycurgi
185 3833 248 3898 regis
261 3834 414 3892 Nemeorum,
429 3834 471 3899 qui
486 3844 567 3900 postes
618 3835 693 3898 turm]
737 3833 901 3883 Cleombrotus
938 3831 1110 3884 Ambraciotes,

68 3907 230 3957 Archemorus
250 3917 287 3957 est
305 3906 390 3965 dictus,
409 3910 465 3956 dum
484 3924 566 3973 porum
619 3906 725 3957 Plutonis
740 3905 783 3954 lib.
794 3904 824 3953 de
836 3904 917 3953 Anim.
927 3900 1112 3956 immortalitate,

65 3980 231 4046 diligenterob
239 3980 372 4047 Hypsipyle
382 3982 473 4031 nutrice
487 3991 564 4030 custo·
616 3981 656 4047 qui
676 3979 782 4029 Phaedoo
805 3976 947 4034 inscribitur,
966 3977 1077 4042 perlecto,
1097 3988 1111 4022 e

64 4055 165 4112 diretur,
190 4055 305 4120 arpentis
331 4071 410 4105 morso
436 4057 566 4106 exstinctus
616 4055 672 4104 turri
691 4055 715 4103 in
737 4069 793 4103 saro
814 4051 961 4118 precipitem
982 4066 1006 4098 se
1027 4045 1109 4095 dedit:

64 4136 111 4178 est.
146 4130 203 4188 Qua
222 4128 323 4178 orbitate
344 4131 466 4196 Lycurgus
486 4131 566 4187 iratus,
616 4129 700 4179 Cicero
713 4136 792 4177 autem
805 4128 830 4174 io
847 4142 911 4175 mare
925 4141 978 4174 eum
993 4120 1075 4170 scribit
1084 4134 1110 4165 se

65 4201 235 4324 dirpgp'psxirn
244 4202 401 4268 Hypsipylem
415 4204 566 4261 exercuisset,
616 4204 781 4322 precipitaaqse.
799 4202 859 4248 Zeu.
