2806 5018
370 368 631 435 PASTORUM
653 368 744 435 ΠΒ.
768 368 810 435 V.
1046 368 1112 436 267

58 537 221 615 Vindice
240 543 413 616 servabat
430 542 533 617 nullo
550 566 618 615 sua
634 542 787 640 publica
803 542 958 638 vulgus:
1034 546 1107 616 285

108 653 273 754 Jamque
290 659 329 731 in
347 659 490 757 privato
508 682 663 756 pascere
680 657 811 731 inertis
829 668 921 731 emt.

59 770 193 845 Plebis
211 773 259 846 ad
276 773 406 848 aediles
424 775 550 848 delata
567 773 719 847 licentia
736 772 821 846 talis

111 884 325 962 Publicios:
355 889 501 962 animus
518 887 639 962 defuit
659 897 746 961 ante
764 886 864 959 viris.

58 1000 158 1075 Rem
176 1003 338 1100 populus
356 1003 510 1101 recipit:
540 1003 718 1075 mulctam
737 1001 885 1074 subiere
903 1012 1103 1092 nocentem

109 1115 332 1190 Vindicibus
351 1117 452 1191 laudi
471 1117 623 1214 publica
640 1140 731 1190 cura
746 1115 837 1190 suit:
963 1141 965 1146 ·
1032 1121 1106 1190 290

58 1229 208 1305 Mulcta
223 1232 312 1305 data
329 1244 454 1307 estex
471 1244 577 1331 purte
595 1231 708 1320 mihi;
738 1254 951 1328 magnoque
968 1231 1093 1306 favore

108 1346 283 1421 Victores
300 1348 409 1421 ludos
427 1348 623 1422 instituere
642 1371 769 1421 novos.

58 1458 174 1535 Parte
191 1463 317 1536 locant
333 1464 482 1547 clivum,
502 1465 567 1560 qui
586 1475 675 1537 tunc
693 1473 774 1536 erat
791 1463 908 1536 ardua
923 1486 1057 1560 rupes:

111 1575 215 1651 Utile
234 1602 332 1653 nunc
350 1580 422 1653 iter
438 1591 517 1669 est;
549 1579 839 1677 Publiciumque
856 1589 1003 1651 vocant.

59 1691 198 1766 Annua
215 1693 446 1769 credideram
465 1697 681 1793 spectacula
698 1695 814 1783 sacta;
836 1694 1001 1790 negarim
1031 1697 1104 1767 295

109 1808 270 1884 Addidit
286 1820 325 1884 et
341 1810 453 1884 dictis
472 1813 589 1886 altera
606 1812 720 1885 verba
736 1811 836 1883 suis:

90 1995 149 2045 287.
164 1996 205 2045 Ad
215 2000 290 2047 ediles
301 2002 371 2061 plebia
385 2015 443 2049 cura
455 2016 554 2066 pascuo·
637 2001 695 2049 291.
711 1999 786 2048 elom
803 2012 857 2062 perr
873 1995 955 2044 multe
969 1994 1034 2052 dete,
1047 1994 1105 2059 quie

57 2083 110 2117 rum
132 2069 274 2135 pertinebat.
309 2073 441 2131 Publicium
471 2075 556 2123 Fertur
604 2083 629 2123 et
640 2080 780 2136 amantque
791 2068 1103 2136 percueejurnumenten·

58 2141 161 2192 Lucium
182 2153 207 2194 et
224 2144 335 2194 Marcum
352 2146 472 2197 Publicioe
490 2148 554 2196 Mel·
604 2145 822 2212 gebent,rer.262.
847 2144 1003 2193 Detttutem
1016 2141 1103 2208 eipem

56 2214 221 2266 ieoloevocet.
256 2219 353 2284 quem
367 2236 431 2269 nunc
447 2221 554 2270 ertindi-
605 2221 701 2286 duplex,
716 2236 819 2285 namque
837 2225 931 2266 auctore
949 2215 1103 2273 Tacito,Ao·

57 2287 101 2344 cir,
112 2288 156 2354 qni
169 2305 219 2338 rem
234 2290 344 2341 edilibus
358 2304 437 2342 notem
453 2294 519 2356 iacit,
530 2305 557 2344 ut
608 2294 656 2344 nel.
666 2294 692 2342 ii.
705 2295 752 2353 49;
768 2292 863 2358 “juxte
874 2291 963 2340 circum
975 2289 1104 2338 maximum

57 2376 112 2410 eun
127 2361 160 2411 ed
174 2365 287 2428 populum
303 2366 429 2430 perferent.
461 2370 558 2417 Animus
607 2368 670 2416 edes
688 2368 763 2416 Flore
784 2367 815 2414 eb
832 2367 862 2414 L.
879 2373 904 2413 et
920 2365 957 2412 M.
990 2362 1105 2412 Publiciis

59 2435 225 2500 destituam
250 2447 330 2487 temen
347 2439 437 2497 livine,
448 2457 472 2489 r.
482 2443 515 2489 23
533 2451 558 2491 et
607 2441 717 2491 edilibus
732 2440 860 2490 constitute
874 2438 937 2495 ert,”
949 2452 1021 2502 quem
1033 2437 1104 2487 ‘Ilbe-

57 2509 187 2560 ιλωηι
193 2511 244 2576 jem
256 2527 318 2562 enno
328 2513 361 2562 U.
370 2514 399 2563 C.
408 2515 464 2563 ⁴5⁷.
475 2514 558 2565 aediler
607 2513 813 2563 riuriurteurevit.
837 2510 1105 2561 Victominilleceure.

55 2583 145 2649 plebie‚
161 2593 186 2634 et
201 2600 241 2634 eu.
258 2586 314 2635 lm.
331 2587 413 2637 ediles
430 2588 524 2637 curules
542 2605 556 2639 e
607 2589 646 2637 De
656 2590 714 2638 cliuo
725 2587 816 2636 munito
827 2585 976 2636 coutentium
987 2586 1063 2634 Varro
1073 2585 1104 2635 de

55 2656 187 2706 multetitie
198 2701 200 2704 ,
210 2658 320 2724 pecunia,
341 2675 413 2725 quem
439 2660 557 2725 pecuariis
606 2661 674 2726 Ling.
685 2662 740 2711 Int.
752 2660 784 2709 iv.
795 2670 819 2710 et
829 2660 913 2708 Fertur
926 2659 952 2708 in
962 2658 1008 2708 boc
1018 2659 1104 2708 roctb.

54 2728 176 2779 demonis
186 2730 328 2796 exegissent,
338 2734 375 2781 vel
386 2733 454 2782 ludos
464 2733 556 2790 iecisse,
605 2735 650 2785 Ille
661 2735 724 2785 enim
736 2735 787 2783 hec
805 2734 893 2782 babet:
913 2740 931 2761 ⁴⁸
945 2733 1028 2783 Clivus
1038 2732 1103 2780 Pub-

53 2802 94 2852 rel
116 2801 179 2852 riam
199 2804 317 2854 stravisse.
352 2807 474 2855 Prermrior
493 2806 555 2856 Dra·
605 2809 673 2858 licius
681 2810 711 2858 ab
722 2807 832 2857 edilibus
842 2807 919 2874 plebis
927 2806 1050 2864 Publiciis,
1062 2805 1105 2871 qui

54 2875 129 2924 kenb.
143 2882 168 2924 et
185 2876 317 2926 Burrenum
330 2879 470 2943 publicanos
485 2880 556 2929 intel·
605 2899 659 2932 eum
669 2881 764 2947 publice
773 2879 944 2930 edificemot.”
966 2880 1051 2928 Fertur
1060 2877 1104 2927 ed·

54 2948 150 3013 lignun
166 2949 256 2998 Stroth
265 2959 290 3000 et
304 2952 398 3000 Emest.
409 2952 435 3001 in
448 2953 555 3003 Gloerar.
606 2955 649 3012 dit,
659 2971 713 3003 eum
724 2970 739 3002 a
751 2953 867 3003 Publiciis
877 2952 993 3000 munitum
1005 2966 1064 3008 eene,
1077 2960 1106 3000 ut

54 3019 165 3078 liviano,
179 3022 286 3072 hominen
302 3024 343 3089 qni
364 3024 488 3074 conductio
502 3041 554 3090 pes·
605 3027 902 3077 inAventinumvebiculr
912 3025 990 3074 venire
1001 3032 1104 3089 portent.

54 3093 109 3144 cuis
127 3095 230 3160 publicis
245 3113 258 3145 e
272 3113 297 3145 re
312 3099 423 3163 pecuaria
439 3108 556 3164 questum
606 3101 703 3157 Locant,
718 3115 792 3165 quum
809 3098 963 3148 muniendum
979 3097 1107 3147 redemtori

54 3167 187 3218 t'tciebent.
219 3168 267 3219 Sed
285 3187 330 3219 non
348 3181 455 3237 apparet,
465 3186 507 3221 cur
523 3173 554 3221 ab
605 3173 728 3230 addicunt,
739 3174 836 3222 verbum
847 3174 872 3220 in
883 3168 1086 3220 hacrerolemrie.

53 3238 94 3289 hi·
113 3241 228 3291 mulctum
247 3244 377 3308 exegerint.
408 3245 464 3293 Sine
482 3244 555 3294 dnbio
636 3248 692 3296 295.
709 3245 771 3295 Ludi
785 3245 821 3293 illi
838 3245 911 3292 semel
928 3251 1020 3291 tantum
1035 3242 1102 3292 exbi—

54 3313 207 3363 bocnorniue
220 3315 268 3364 illis
277 3316 336 3364 locis
345 3316 418 3365 iidem
429 3317 554 3381 designan-
605 3320 655 3369 biti.
681 3315 1103 3384 Tangit,oblectet,su?eviterefficit:

53 3395 101 3442 tor,
111 3402 172 3451 quoe
182 3387 284 3438 Ovidius
294 3389 398 3439 hocloco
409 3400 483 3440 notat.
508 3391 554 3439 lle-
604 3403 686 3442 contre
702 3395 804 3441 Metam.
815 3390 866 3439 viii.
884 3391 941 3439 279.
957 3389 998 3437 ubi
1015 3389 1101 3438 Dione

52 3459 194 3524 cipitjuder
207 3470 326 3511 nomenet
342 3463 555 3528 cereamqueed
605 3482 651 3515 erm
668 3475 774 3515 cessent:
796 3464 879 3529 Tangit
893 3466 962 3511 err'ro
976 3465 1034 3511 deor.
1058 3463 1102 3512 'Ut

54 3549 112 3582 enm
137 3533 254 3595 desertum
281 3552 327 3584 rem
346 3538 442 3599 populus
463 3540 553 3599 recipit,
605 3539 643 3588 hio
660 3539 930 3602 tormentumque
947 3536 1104 3586 cultomrtu·

55 3607 115 3673 quie
134 3623 172 3655 ree
189 3607 320 3673 injudicio
338 3609 418 3675 populi
438 3619 492 3658 ecte
511 3619 555 3667 ert,
605 3612 671 3661 dioro
692 3611 797 3665 affectet,
815 3618 842 3658 ut
861 3608 947 3658 honore
965 3608 1052 3666 valeat,
1067 3608 1101 3658 ric

55 3678 122 3745 qnod
133 3695 162 3728 er
174 3680 221 3729 elio
231 3681 292 3730 Livii
307 3681 359 3731 loco
370 3683 453 3732 xxxiii.
463 3685 503 3731 42.
513 3699 555 3749 pe·
605 3684 707 3733 Metam.
726 3682 775 3731 viii.
791 3682 849 3730 277.
865 3683 931 3731 horror
950 3680 991 3731 ille
1009 3681 1059 3747 ipse
1076 3681 1103 3730 in

54 3759 104 3800 tet:
123 3759 138 3780 ¹·
148 3753 241 3803 AEdiles
252 3754 328 3819 plebis
338 3756 423 3804 multos
434 3755 556 3820 pecuarim
605 3757 711 3823 piurimis
718 3757 788 3804 MSS.
799 3757 927 3804 ambitiosus
936 3755 1030 3804 dicitur.
1053 3755 1101 3804 Iol·

55 3824 86 3873 ed
108 3825 191 3891 populi
208 3826 326 3891 judicium
348 3828 506 3886 adduxerunt,
526 3845 554 3878 ex
606 3836 644 3895 qul
656 3831 689 3881 dii
700 3839 756 3879 sunt
765 3829 893 3894 iratiequi
903 3829 1017 3880 inventes.
1050 3829 1100 3878 Vo-

56 3913 139 3947 eornm
147 3900 509 3966 multetitiepecunieaedemin
520 3902 556 3951 ic·
605 3907 772 3955 rubtlandus
792 3903 897 3953 solemne
917 3901 948 3952 de
969 3903 1103 3969 placabere

56 3971 110 4020 tola
127 3973 203 4021 muni
220 3974 350 4023 iecerunt.”
387 3975 499 4032 Vindicet,
513 3975 555 4040 qui
605 3979 713 4037 deorum,
731 3979 765 4027 ita
784 3986 811 4026 ut
828 3994 891 4026 nunc
907 3992 976 4026 retra
995 3976 1101 4025 facienti-

58 4060 106 4094 rem
118 4045 253 4096 detulerunt
262 4048 291 4096 ad
304 4048 428 4113 populum.
461 4048 501 4097 Ab
512 4049 557 4098 hac
606 4055 659 4111 bus,
668 4070 730 4103 nunc
741 4068 820 4101 eorum
830 4051 931 4100 victimis
941 4059 982 4099 eut
992 4049 1103 4116 precibus

56 4121 148 4181 publico
165 4139 223 4170 cura
239 4122 339 4171 Iaenziur
353 4132 423 4188 putet
437 4123 556 4174 Publicius
607 4125 723 4175 tribuetur
732 4144 739 4184 3
757 4123 811 4172 ride
827 4123 908 4173 Bentl.
919 4122 949 4171 ed
959 4123 1042 4170 Horat.
1053 4121 1103 4172 111.

57 4191 139 4244 intret
151 4209 238 4246 nomen
249 4195 356 4246 misse.
607 4197 655 4248 0d.
665 4197 731 4247 xxiii.
745 4198 784 4246 18.
800 4196 936 4267 'Suetium
945 4194 1054 4244 retinere.
