2806 5018
315 361 380 427 288
600 359 640 423 Ρ.
663 358 826 424 OVIDII
850 358 1061 437 NASONIS

315 533 538 606 Pnnrsnrs
559 533 746 630 adspicies
764 555 908 619 omnes,
928 543 1128 629 totumque
1147 555 1317 607 sororum

363 649 524 743 Agmen,
545 648 610 720 ubi
628 659 715 721 aute
735 646 826 721 Idus
844 634 920 720 uox
938 647 1009 722 erit
1025 642 1101 720 una
1118 671 1252 746 super.
1294 651 1356 721 600

312 761 410 843 Tum
427 762 518 834 mibi
536 786 611 835 non
629 761 754 835 dubiis
772 762 988 835 auctoribus
1005 761 1142 859 incipit
1159 773 1296 851 aestas;

364 876 414 949 Et
431 876 550 976 tepidi
568 877 682 951 linem
699 887 871 975 tempora
886 877 983 949 veris
1000 876 1156 950 babent.

312 990 459 1065 Inruus
479 1016 544 1066 ora
560 993 662 1091 prim
679 993 867 1066 stellantia
880 993 1012 1066 tollere
1029 991 1201 1066 Taurum

363 1106 532 1181 Iudicat:
562 1109 650 1182 huic
668 1107 777 1204 siguo
793 1108 921 1181 fabula
938 1117 1026 1181 nota
1042 1109 1192 1181 subest.

313 1221 494 1310 Praebuit,
514 1234 556 1296 ut
573 1232 714 1308 taurus,
734 1221 858 1320 Tyriae
878 1247 947 1296 sua
963 1233 1070 1320 terga
1086 1223 1230 1321 puellae
1292 1226 1350 1296 605

362 1337 525 1436 Jupiter,
544 1349 583 1411 et
601 1337 697 1411 falsa
713 1361 853 1411 cornua
871 1338 992 1411 lroute
1009 1337 1109 1411 tulit.
1220 1349 1227 1358 ‘

312 1454 383 1527 Illa
396 1453 529 1551 jubam
546 1454 691 1537 dextra,
711 1454 805 1525 laeva
821 1453 1007 1527 retinebat
1024 1453 1212 1542 amictus;

363 1567 413 1640 Et
430 1568 540 1639 timor
558 1568 639 1664 ipse
659 1568 742 1650 novi
760 1591 876 1640 causa
892 1567 1038 1641 decoris
1056 1580 1151 1643 erat.

310 1682 415 1754 Aura
429 1683 532 1754 siuns
551 1682 703 1780 implet;
732 1682 847 1755 flavos
867 1693 993 1755 movet
1010 1707 1101 1756 aura
1119 1686 1287 1784 capillos.

363 1795 506 1882 Sidoni,
525 1795 580 1870 sic
599 1796 721 1869 fueras
740 1797 960 1894 accipienda
971 1796 1075 1870 Jovi!
1286 1802 1346 1873 610

313 1911 424 2009 Srepe
442 1913 627 2009 puellares
646 1911 824 1984 subducit
842 1912 890 1984 ab
908 1936 1059 2007 aequore
1077 1913 1252 2010 plantas;

315 2086 318 2091 .
358 2027 412 2105 ,Et
428 2029 563 2102 metuit
580 2038 704 2101 tactus
722 2027 930 2102 adsilientis
949 2052 1070 2126 aquae.

311 2143 422 2242 Saepe
440 2143 535 2216 deus
554 2144 718 2241 prudens
737 2154 884 2240 tergum
902 2144 1069 2217 demittit
1086 2144 1125 2218 in
1144 2146 1280 2233 undas,

360 2257 514 2331 Haereat
531 2270 573 2330 ut
586 2260 684 2331 collo
703 2257 833 2332 fortius
851 2260 917 2333 illa
934 2283 1015 2333 suo.

311 2372 500 2445 Litoribus
517 2373 628 2445 tactis
647 2375 772 2446 stabat
790 2372 871 2447 siue
889 2374 1065 2446 cornibus
1084 2374 1171 2448 ullis
1283 2376 1346 2448 615

357 2486 380 2558 J
385 2487 527 2584 upiter;
557 2487 670 2584 inque
687 2488 801 2561 deum
819 2489 867 2563 de
884 2490 980 2561 bove
997 2513 1127 2562 versus
1146 2502 1241 2564 erat.

309 2750 312 2755 .
341 2711 478 2760 599-602.
504 2710 551 2760 III.
564 2710 620 2760 ldut
636 2711 685 2760 sive
701 2714 738 2758 die
754 2710 804 2758 xiii.
853 2714 972 2760 radiantia
982 2712 1223 2774 flommirvocantur.
1256 2713 1350 2776 Europ,

279 2812 282 2817 ·
309 2786 413 2834 Pleiades
424 2787 532 2833 oriuntur
543 2787 635 2841 beliaco,
647 2794 672 2833 et
682 2787 757 2832 AErtas
769 2787 805 2832 in·
854 2785 978 2848 Agenoris,
993 2785 1055 2849 regis
1072 2785 1219 2834 Pboenicum
1235 2787 1350 2842 blimart

307 2863 373 2921 cipit.
400 2860 439 2907 De
450 2859 644 2908 Pleiodilrurvide
656 2860 687 2907 iv.
698 2861 742 2907 169
752 2875 805 2924 sqq.
857 2858 939 2920 Tyria,
951 2874 1004 2907 mox
1022 2859 1112 2907 Sidonis
1129 2875 1144 2908 a
1160 2861 1239 2924 poetis
1253 2859 1350 2924 appelle·

308 2933 396 2982 Earum
416 2942 469 2982 ortu
487 2941 512 2981 et
532 2950 618 2982 occasu
636 2934 686 2996 jam
706 2932 804 2981 Hesiod.
855 2941 900 2980 tur.
934 2932 1027 2980 Falsum
1048 2933 1137 2998 passim
1159 2934 1186 2982 in
1208 2935 1309 2984 Metam.
1324 2933 1350 2981 de

302 3003 377 3073 Ἐργ.
394 3008 450 3055 383.
472 3021 543 3070 opera
564 3006 652 3054 rustica
671 3005 806 3054 definiebat.
855 3005 928 3053 forrna
939 3005 1025 3061 aliene,
1033 3022 1105 3070 quum
1114 3007 1169 3070 quis
1177 3007 1277 3057 fallendi
1286 3020 1351 3055 eam

308 3080 393 3128 Ortum
411 3079 451 3127 ulii
466 3078 506 3126 die
524 3080 564 3126 44.
574 3079 614 3127 alii
632 3079 672 3126 48.
684 3079 714 3126 ab
729 3078 805 3142 requi·
856 3079 887 3127 ad
902 3087 994 3143 ternpus
1004 3080 1095 3136 sumsit,
1106 3080 1186 3130 autin
1197 3097 1272 3146 quam
1281 3088 1351 3130 muts·

306 3154 385 3202 noetio
410 3168 481 3202 verno
508 3153 644 3215 contingere
669 3153 803 3215 putabaot3
856 3160 893 3200 tus
903 3151 1020 3200 estadeo
1031 3152 1122 3216 aliquo.

307 3228 391 3283 Varro,
399 3227 416 3275 i.
427 3228 475 3284 283
492 3225 634 3279 Columella,
646 3225 726 3273 xi.14.
747 3226 804 3274 Vid.
887 3226 943 3273 607.
961 3225 1020 3273 Ilaee
1032 3225 1130 3274 sonasse
1141 3242 1155 3275 e
1166 3227 1253 3277 tabula
1261 3227 1351 3291 tnu'qut

307 3301 419 3349 Perseius
430 3300 499 3347 Vari.
511 3298 611 3346 Dissert.
622 3297 665 3345 lib.
676 3298 701 3346 ii.
714 3314 766 3362 cap.
777 3300 802 3346 9.
854 3307 1040 3363 expresserunt.
1073 3298 1154 3348 Etiam
1165 3300 1288 3351 Lucienus
1299 3301 1352 3349 Dit-

306 3375 347 3423 ubi
358 3381 495 3427 cosmetur,
506 3373 548 3436 qui
559 3372 622 3420 diem
633 3373 672 3420 48.
684 3372 744 3420 inter
755 3373 803 3422 xiv.
854 3373 901 3436 log.
909 3373 1011 3437 Zephyri
1020 3380 1044 3422 et
1054 3373 1122 3430 Noti,
1133 3382 1192 3423 tom.
1202 3375 1228 3423 ii.
1235 3392 1289 3440 pag.
1298 3377 1350 3423 125:

305 3456 330 3497 et
340 3464 380 3495 xv.
392 3447 454 3496 diem
465 3445 525 3492 Maii
542 3446 719 3501 constituerunt,
731 3454 802 3510 atque
854 3443 904 3502 ἡδὲ
917 3448 947 3510 ro*
959 3447 1021 3510 λαιᾷ
1032 3447 1079 3509 μὲν
1089 3447 1169 3510 εἴχετο
1186 3451 1234 3497 τοῦ
1250 3448 1352 3514 κέρατος,

307 3520 428 3576 Ovidium,
436 3518 477 3582 qui
488 3518 537 3566 xiii.
548 3518 611 3566 diem
623 3517 702 3573 babet,
715 3534 803 3567 errasse
855 3518 887 3576 ὡς
896 3521 931 3582 μὴ
947 3518 1123 3577 ἀπολισθάνοι,
1134 3526 1166 3580 τῆ
1180 3521 1252 3588 ἑτέρᾳ
1263 3521 1286 3571 dl
1302 3524 1352 3583 det·

306 3593 416 3643 ostendit.
433 3591 616 3641 Plin.xviii.29:
627 3598 642 3618 ‘⁴
651 3591 804 3655 virgiliarum
856 3591 969 3656 μωμένον
980 3594 1025 3643 τὸν
1039 3592 1139 3644 rtaetov
1153 3597 1262 3661 Ευνεῖχε.
1294 3597 1351 3645 Met.

307 3665 345 3731 (id
360 3676 405 3722 est,
416 3665 555 3727 Pleiadum)
567 3674 648 3713 exortu
662 3673 732 3713 aestas
745 3664 804 3713 inci·
855 3666 919 3714 dicto
938 3667 1000 3722 loco,
1013 3670 1093 3716 dextro
1111 3685 1186 3717 coesu
1204 3680 1273 3727 tenet,
1283 3671 1350 3718 edm

306 3742 350 3808 pit,
360 3757 445 3790 occasu
456 3740 556 3788 biems.''
590 3741 629 3787 Sic
640 3747 665 3787 et
676 3741 772 3788 Aratus.
855 3742 1031 3802 dorroimporito
1040 3751 1083 3790 ut.
1115 3741 1180 3790 Jubu
1194 3759 1259 3792 nunc
1275 3742 1350 3792 tribui·

339 3814 477 3863 603-620.
495 3813 642 3867 Pridieldus
653 3812 725 3859 Tauri
735 3824 804 3874 caput
855 3823 893 3861 tur
909 3824 984 3870 tauro,
1002 3824 1028 3862 ut
1043 3814 1092 3864 lll.
1107 3814 1193 3864 Amor.
1206 3832 1231 3865 r.
1245 3818 1285 3865 24.
1316 3815 1349 3863 ns

306 3888 403 3948 crinin]
422 3887 460 3934 De
471 3886 516 3933 hoc
524 3884 599 3933 sidere
611 3885 642 3932 iv.
655 3885 711 3932 717.
731 3886 803 3934 Tauri
854 3887 896 3934 illo
906 3905 960 3936 nouo
970 3892 1048 3937 deson
1060 3887 1114 3938 vide
1127 3888 1196 3939 adii.
1206 3891 1262 3940 7⁵7.
1289 3892 1347 3938 Am

306 3970 330 4010 et
341 3961 439 4023 Europe
455 3957 558 4005 tabulam
570 3959 656 4004 Noster
667 3957 737 4005 etiem
749 3959 803 4007 Me·
853 3963 916 4008 rinus
925 3964 1000 4024 implet
1007 3979 1015 4019 ,·
1027 3961 1275 4012 Metamdictolooo:
1286 3968 1347 4010 “tre-

307 4045 364 4083 tam.
379 4033 405 4081 ii.
423 4034 481 4080 ³83.
497 4031 527 4080 ad
544 4032 623 4088 finem,
638 4032 749 4088 narravit,
764 4033 804 4080 ubi
854 4035 925 4083 muln
936 4036 1059 4085 sinuantur
1070 4036 1166 4085 flamine
1177 4037 1281 4087 vestss.¹'
1306 4037 1344 4084 Ae·

306 4116 330 4155 et
351 4105 411 4154 ulios
434 4112 539 4154 auctores
563 4103 722 4153 laudavimus.
756 4106 804 4153 Ora
853 4111 965 4171 cipiendu,
974 4108 1065 4158 scilicet
1074 4108 1144 4158 dorso
1154 4110 1226 4159 tauri.

306 4180 424 4230 stellantia
441 4193 513 4245 supra
529 4192 577 4227 rer.
595 4179 649 4227 165.
666 4194 706 4226 ore
723 4189 803 4240 reptem
886 4182 943 4231 615.
960 4182 1086 4239 Litoribus,
1097 4197 1184 4247 nempe
1194 4182 1280 4233 Crete.
1310 4176 1340 4228 lbi
