2806 5018
468 382 523 449 IN
547 382 706 449 OVIDII
729 382 917 448 FASTOS.
1145 383 1212 450 397

172 576 246 618 unm
260 575 330 617 esse
351 575 370 617 a
385 556 538 638 particula
553 564 663 620 vetere
678 578 730 630 au,
747 556 778 619 id
794 564 853 629 est,
870 555 999 628 circum,
1011 548 1210 639 jam'Ateius

174 654 290 739 Capito
310 658 396 739 apud
416 657 558 721 Macrob.
576 658 598 720 i.
617 658 669 719 14.
691 656 924 729 animadvertit,
944 665 978 719 et
997 656 1097 719 multu
1113 660 1211 722 verba

173 778 245 819 cum
268 757 326 821 hac
348 759 503 841 particula
522 759 698 841 composita
719 767 877 841 arguunt;
903 758 1013 821 couler
1034 758 1123 823 Fest.
1145 761 1214 824 vid.

172 859 248 921 Am.
277 859 392 922 verba:
421 859 589 944 anquirere
618 860 760 937 (circum,
788 862 872 921 eirca
898 861 1069 942 quarere)
1096 883 1211 947 anceps

173 958 350 1039 (διπρόσωπος)
370 961 516 1024 cuclobre
540 961 774 1039 (appententem)
797 961 896 1023 ancile
919 962 1213 1041 (circumcaelutum,⁴¹

173 1060 313 1144 Neapol.
328 1064 369 1126 ad
384 1064 416 1126 ii.
432 1063 523 1141 435.)

216 1162 385 1248 Singulare
400 1176 506 1229 autem
525 1167 557 1229 in
575 1164 766 1250 mythologie
782 1165 899 1228 veteris
915 1164 999 1227 Latii
1014 1175 1209 1232 momentum

173 1275 233 1338 est,
250 1267 378 1330 numina
392 1269 588 1331 istatantum
608 1288 669 1329 non
686 1266 791 1329 omnia
806 1267 954 1330 vaticinio
966 1276 1001 1329 et
1013 1276 1109 1330 centu
1124 1271 1209 1352 apud

171 1369 322 1432 mortales
338 1371 499 1445 claruisse,
514 1380 549 1433 et
563 1369 839 1433 celeberrimorum
856 1368 1052 1433 oraculorum
1067 1371 1100 1434 in
1115 1369 1214 1435 Italia

174 1471 304 1554 antiqua
318 1473 459 1557 undique
474 1472 608 1555 vestigia
622 1481 706 1535 sunt.
1087 1555 1089 1558 .

219 1572 271 1636 De
290 1574 402 1638 Fauno
421 1575 575 1658 Picoque,
592 1576 632 1638 de
650 1575 764 1658 quibus
784 1574 871 1638 locus
892 1574 982 1638 class.
999 1584 1105 1639 exstat
1125 1577 1211 1660 apud

176 1673 266 1759 Virg.
286 1676 418 1740 AEueid.
436 1677 490 1739 vii.
510 1677 571 1748 81;
594 1676 698 1759 deque
719 1675 925 1739 celeberrimo
946 1675 1050 1740 Fauni
1071 1679 1214 1754 oraculo,

174 1777 261 1860 quod
276 1776 408 1840 Latinus
424 1778 466 1841 de
483 1777 616 1840 Lavinia
630 1798 688 1839 sua
702 1776 847 1850 consulit,
863 1778 988 1840 abunde
1005 1779 1072 1862 egit
1085 1781 1125 1843 ad
1141 1780 1171 1843 h.
1188 1780 1210 1844 l.

174 1876 280 1942 Illust.
303 1879 469 1964 Heynins3
493 1879 629 1942 Ovidius
646 1879 770 1943 duobus
790 1879 865 1942 locis
882 1879 984 1961 (Fast.
1005 1881 1047 1944 iv.
1063 1881 1142 1957 6513
1166 1884 1211 1946 iii.

171 1980 264 2057 291.)
279 1980 422 2065 ejusdem
444 1981 574 2056 oraculi,
589 1981 675 2064 quod
695 1980 821 2043 diverso
842 1982 937 2044 modo
958 1991 1103 2057 exornat,
1122 2006 1210 2048 men·

172 2082 292 2146 tionem
312 2083 431 2167 injecit.
476 2083 508 2147 A
525 2083 681 2147 vaticiniis
703 2082 808 2145 eidem
823 2082 924 2145 Fctui
944 2103 1059 2146 nomeu
1076 2084 1210 2149 inditum

172 2193 235 2258 est,
252 2188 337 2269 quod
359 2187 484 2270 proprie
495 2186 656 2271 fatidicus
674 2194 733 2258 est,
750 2194 863 2268 postea
879 2195 923 2247 ex
939 2185 1052 2248 eadem
1066 2185 1210 2252 idearum

172 2287 408 2370 conjunctione,
422 2289 463 2351 de
476 2289 641 2362 delirante,
655 2287 832 2370 desipiente
846 2286 908 2349 dici
923 2286 1032 2369 coepit,
1047 2308 1110 2370 qna
1119 2295 1211 2364 μάνης

171 2389 216 2450 de
243 2399 376 2472 utroque
400 2390 524 2453 Graecis
550 2390 613 2453 dici
639 2388 771 2459 solebat,
795 2387 840 2450 ita
863 2397 979 2462 tumen,
1003 2389 1096 2451 utin
1119 2395 1211 2466 μάντις

171 2491 261 2552 notio
271 2491 407 2575 furendi
426 2493 635 2576 precederet.
680 2490 894 2574 Frequentius
914 2511 997 2553 uxor
1014 2491 1084 2574 ejus
1098 2491 1214 2556 Fauna

172 2592 285 2656 Fatua
300 2594 362 2657 dici
377 2595 468 2658 solet.
490 2594 594 2658 Vetus
609 2595 650 2657 de
666 2614 705 2656 ea
719 2593 845 2677 mythns
859 2591 975 2673 (Butae
991 2593 1076 2675 apud
1088 2592 1210 2660 Aruob.

173 2716 206 2757 v.
222 2716 255 2777 p.
269 2695 331 2769 99;
354 2695 437 2759 Elm.
458 2695 544 2759 Plut.
565 2695 688 2775 Quaest.
706 2693 801 2757 Rom.
817 2693 887 2768 20.)
906 2702 1012 2756 narrat
1030 2694 1213 2761 mulieribus

173 2816 246 2857 eam
267 2797 333 2859 sata
353 2798 516 2872 cecinisse,
533 2798 679 2861 Faunum
698 2797 783 2871 viris,
803 2817 862 2858 nec
885 2816 1023 2878 uuquam
1045 2797 1085 2859 ob
1104 2799 1213 2883 singu·
1346 2855 1350 2861 .

173 2897 273 2960 larem
288 2899 501 2962 castimoniam
513 2901 614 2963 virum
629 2900 764 2972 vidisse3
786 2898 925 2971 tandem,
937 2918 1034 2981 quum
1049 2898 1130 2961 clam
1147 2921 1211 2963 ma-

172 2998 270 3061 ritum
287 3021 305 3062 e
322 3001 395 3064 vino
408 3011 485 3084 poto
500 3000 686 3076 ebrietatem
701 2999 919 3070 contraxisset,
935 2999 1031 3082 virgis
1046 2999 1213 3065 abeodem

174 3101 216 3163 ad
237 3111 371 3166 mortem
391 3125 505 3167 oaesam
525 3126 607 3178 esse,
623 3111 736 3187 postea
757 3101 870 3164 divinis
889 3099 1056 3162 honoribus
1075 3108 1215 3165 unctum.¹

175 3200 231 3264 Ad
253 3202 333 3266 hanc
352 3203 489 3268 subulam
512 3205 672 3268 referendi
693 3212 767 3267 snut
787 3203 864 3265 ritus
885 3221 1044 3263 sacrorum
1065 3200 1096 3262 ci
1116 3202 1168 3264 die
1190 3203 1210 3265 l

177 3302 259 3365 Maii
274 3304 380 3367 offerri
394 3306 566 3369 solitorum.
605 3304 727 3368 Eadem
743 3304 827 3366 enim
842 3302 978 3375 videtur,
994 3322 1088 3384 quam
1103 3301 1213 3367 bonam

175 3405 280 3468 Deam
302 3406 467 3482 vocabant,
490 3409 709 3471 consentiente
732 3406 818 3470 Plut.
840 3404 924 3469 Caes.
944 3426 976 3487 p.
994 3404 1069 3467 711.
1088 3404 1213 3470 Bonam

178 3504 285 3567 Deam
309 3497 439 3590 Dryade
458 3515 492 3569 et
510 3507 613 3570 Fauni
635 3517 768 3570 uxorem
790 3506 935 3580 diceute;
959 3504 1101 3568 Macrob.
1119 3506 1139 3569 i.
1160 3506 1212 3571 12.

175 3605 308 3669 Terram
324 3608 420 3672 etiam
434 3618 468 3671 et
482 3608 588 3692 Opem
602 3608 768 3671 immiscet.
815 3607 867 3670 De
883 3607 1128 3670 commutatione
1142 3630 1213 3672 cum

177 3705 269 3770 Pane
289 3730 340 3772 res
360 3719 436 3773 nota
455 3719 515 3784 est,
531 3719 565 3774 et
583 3710 773 3793 Lupercalia
792 3720 880 3772 recte
897 3708 1035 3771 Ovidius
1053 3728 1072 3769 n
1089 3708 1214 3791 Lycaeis

178 3807 345 3874 Arcadicis
359 3812 477 3894 repetit
490 3812 535 3890 (ii.
549 3811 646 3890 2810
660 3833 733 3874 uum
748 3811 788 3873 ad
801 3831 910 3893 regem
923 3808 1070 3871 latinum
1087 3832 1214 3892 prorsus

177 3931 243 3973 non
264 3922 420 3992 spectant.
465 3912 628 3996 Quicquid
651 3912 746 3975 etiem
767 3913 808 3974 de
832 3921 949 3974 terrore
969 3909 1088 3973 Pauico
1110 3920 1144 3973 et
1165 3932 1214 3974 re-

177 4013 310 4094 pentina
329 4012 407 4096 suga
426 4035 560 4098 gregum
580 4013 699 4077 Faunis
721 4013 878 4087 tribuitur,
894 4014 961 4095 jam
982 4012 1065 4075 Pani
1083 4033 1140 4074 suo
1161 4012 1216 4074 tri-

178 4112 315 4175 buerent
330 4112 483 4178 Arcades.
529 4181 531 4183 ,
