2806 5018
179 362 245 431 110
467 357 507 424 P..
528 353 695 424 ovum
718 352 930 426 NASONIS

180 535 296 623 Quid,
313 532 444 619 victor,
462 531 631 630 gaudee?
656 531 743 606 hac
755 539 795 610 te
810 530 970 608 victoria
984 533 1145 632 perdet:

230 649 318 725 Heu
336 659 478 747 quanto
496 647 622 744 regnis
640 671 717 721 nox
734 647 843 722 stetit
860 670 937 722 una
952 646 1049 722 tuisl

178 767 342 864 Jamque
359 774 442 840 erat
457 774 540 838 orta
555 763 660 838 dies:
690 763 812 862 passis
831 763 941 838 sedet
958 764 1024 838 illa
1040 764 1202 863 capillis,

233 881 287 954 Ut
304 882 401 954 solet
417 878 560 953 adnati
577 889 697 952 mater
715 877 814 952 itura
829 902 988 975 rogum:

181 997 512 1092 Grandaevumque
529 1004 676 1092 patrem
692 993 768 1067 fido
786 1017 874 1068 cum
890 996 1055 1092 conjuge
1072 995 1206 1069 caetris

230 1113 396 1201 Evocat3
425 1122 465 1185 et
481 1110 607 1208 posita
623 1111 727 1183 venit
743 1121 903 1209 uterque
920 1134 1037 1186 mora.
1157 1114 1225 1186 816

182 1229 313 1327 thue
329 1228 461 1304 uident
486 1227 670 1313 habitum,
693 1250 778 1324 quae
801 1226 928 1301 luctus
952 1250 1083 1315 causa,
1105 1226 1227 1326 requi·

228 1347 307 1421 Cui
320 1356 427 1444 paret
436 1344 653 1441 exsequias,
668 1368 790 1441 quove
804 1344 854 1417 sit
867 1345 943 1425 icta
959 1345 1085 1418 maloi
1103 1346 1225 1441 [runt;

182 1464 254 1537 Illa
270 1462 335 1535 diu
349 1461 495 1546 reticet,
513 1459 814 1557 pudibundaque
832 1461 931 1534 celat
944 1460 1087 1534 amictu

232 1577 332 1651 Ora:
347 1577 469 1649 fluunt
487 1575 787 1674 lacrymae‚more
801 1576 978 1674 perennis
992 1597 1117 1673 aquae.
1156 1578 1225 1650 820

179 1693 280 1768 Hinc
288 1702 409 1791 pater,
417 1691 504 1765 hinc
515 1692 849 1791 conjuxlacrynras
861 1691 1099 1780 solantur3et
1108 1701 1224 1776 orant,

230 1805 400 1883 Indicet:
421 1817 461 1882 et
477 1830 579 1881 caeco
597 1807 767 1906 flentque
785 1818 1003 1907 paventque
1019 1818 1141 1883 metu.

178 1926 254 2000 Ter
271 1936 406 1999 conata
419 1924 538 2022 loqui,
553 1935 611 1998 ter
627 1923 798 1997 destitit:
819 1944 989 2021 ausaque
1006 1934 1157 2021 quarto,

229 2041 266 2115 N
268 2067 317 2115 on
336 2042 466 2116 oculos
485 2041 580 2115 adeo
598 2041 753 2113 sustulit
770 2042 835 2113 illa
852 2062 953 2114 suos,

179 2157 264 2232 Hoc
276 2180 429 2255 quoque
441 2156 645 2253 Tarquinio
655 2157 901 2231 debebimus?
914 2157 1083 2254 eloquar,
1091 2155 1223 2253 inquit,

231 2272 398 2368 Eloquar
415 2271 546 2344 infelix
564 2270 730 2345 dedecus
748 2271 831 2369 ipsa
848 2294 987 2345 meum.
1156 2273 1223 2344 826

180 2386 353 2483 Quaeque
370 2397 497 2484 potest
514 2396 659 2461 narrat:
680 2389 874 2461 restabant
891 2387 1043 2475 ultima3
1069 2386 1185 2472 flevit,
1243 2449 1251 2465 .

230 2501 280 2575 Et
298 2502 524 2575 matronales
542 2504 725 2577 erubuere
743 2528 861 2601 genae.

180 2616 285 2690 Dant
299 2617 447 2691 veniam
465 2617 569 2705 facto⁴
582 2620 727 2716 genitor
744 2622 962 2717 conjuxque
978 2627 1127 2692 coacto.

229 2731 365 2820 Quam,
385 2733 493 2821 dixit,
512 2735 659 2809 veniam
677 2761 742 2810 vos
760 2737 872 2824 datis,
892 2737 975 2834 ipsa
992 2757 1103 2832 nego.
1155 2737 1222 2809 830

209 3016 268 3067 815.
288 3016 381 3065 Patrem
397 3016 475 3064 Roma
491 3018 607 3074 evocavit,
619 3032 676 3068 enc-

176 3100 226 3142 tore
243 3091 321 3141 Livio.
350 3091 422 3157 Apud
439 3090 541 3156 Dionys.
557 3092 609 3158 ipsa
626 3107 677 3141 oar·

726 3015 1161 3084 crymusundentembomtomrio.
1180 3015 1225 3064 cc

726 3111 774 3150 cru,
786 3094 855 3158 cujus
865 3107 939 3141 cuum
950 3090 1017 3140 latet.

177 3174 249 3231 pente
272 3165 365 3215 vehitur
391 3166 494 3214 Romam
520 3166 550 3214 ad
575 3174 676 3232 patrem.

178 3240 272 3298 Evocat,
294 3240 336 3305 qui
357 3240 463 3305 aliquem
482 3239 580 3289 aliunde
598 3241 630 3288 ad
650 3254 676 3290 te

176 3313 256 3362 venire
281 3314 359 3378 jubet.
399 3312 459 3369 leto,
480 3328 601 3378 percussa,
623 3329 676 3379 per·

177 3386 255 3435 culm.
288 3386 413 3450 lacrymae
431 3386 504 3434 verbo
522 3387 618 3450 attingit
636 3386 676 3434 Li·

176 3458 239 3515 vius,
260 3459 303 3524 qui
327 3459 402 3508 multo
422 3459 508 3508 maline
528 3460 633 3509 animum
651 3467 676 3508 et

177 3533 290 3582 effectum
301 3533 406 3582 mulieris
415 3546 534 3598 generose
542 3534 675 3599 descripsit.

177 3605 274 3654 Etenim
292 3606 413 3655 mulierem
428 3606 461 3654 nil
479 3606 524 3655 nini
543 3607 676 3672 lacryman—

176 3688 226 3728 tem
240 3686 266 3728 et
282 3694 318 3728 ren
333 3687 413 3744 turpet
427 3678 507 3744 eloqui
519 3679 675 3738 dubitantem,

174 3760 228 3801 tum
240 3752 302 3802 viros
318 3754 492 3818 lacrymantem
510 3753 614 3803 nolentes
631 3770 674 3803 no·

174 3836 228 3877 ture
247 3828 300 3892 quie
314 3842 361 3877 nnn
377 3826 459 3876 valeti
481 3827 587 3892 Ineptinr
604 3829 676 3878 etiem

174 3898 297 3951 inducitur
312 3902 438 3965 eDionyr.
450 3899 530 3948 Helie.
555 3900 626 3949 Talea
636 3901 674 3949 in-

173 3975 247 4039 eptin
268 3973 380 4022 facillime
402 3972 535 4022 sentiuntur
554 3988 676 4038 compara·

177 4046 242 4096 tione
273 4063 329 4096 cum
359 4045 469 4110 exemplo
496 4045 581 4094 illustri
608 4048 674 4096 insti·

174 4129 239 4172 tuit.

211 4196 269 4246 tti.
279 4196 405 4261 Lamnae
418 4197 497 4253 utari,
507 4196 624 4246 cumulari
640 4198 675 4248 la·

759 3168 815 3224 826.
833 3167 884 3215 Hoc
904 3164 1009 3230 Neapol.
1030 3164 1098 3213 intel.
1120 3171 1224 3230 etupmn

726 3239 830 3300 illatum;
856 3241 982 3290 Constant.
999 3239 1103 3287 Peneon.
1121 3247 1148 3287 et
1165 3239 1224 3286 Bur·

726 3327 791 3362 rnen.
807 3329 861 3363 vero
879 3312 1001 3377 eloquium
1016 3312 1081 3360 illiue
1096 3311 1225 3361 dedecoris.

727 3387 785 3444 Hoc,
797 3387 862 3452 quod
878 3401 948 3450 cogor
963 3386 1015 3450 ipre
1028 3385 1137 3434 dedecus
1150 3399 1225 3434 menn

726 3460 814 3525 eloqui.
846 3460 929 3509 Minor
950 3458 1088 3508 verecunda
1108 3467 1147 3508 ent
1164 3457 1226 3524 epod

726 3534 828 3601 Dionys.
839 3535 880 3583 ubi
898 3533 962 3599 λέγει
977 3535 1053 3583 dm
1066 3535 1096 3583 τὸ
1115 3535 1228 3599 πρᾶγμα,

724 3609 751 3664 i!
769 3609 853 3675 ἀρχῆς
870 3607 1048 3672 ἀναλαβοῦσα.
1077 3605 1154 3672 Apud
1173 3607 1225 3655 liv.

725 3684 852 3748 eloquitur,
860 3699 914 3749 qun
925 3683 985 3732 coire
995 3697 1055 3748 opo·
1065 3691 1132 3731 emt:
1142 3687 1159 3712 “
1167 3681 1226 3730 Vce-

726 3757 784 3822 rigia
803 3757 847 3806 viri
869 3756 950 3814 alieni,
972 3755 1103 3812 Collatine,
1120 3754 1147 3805 in
1165 3755 1228 3805 lecto

725 3841 781 3880 tunt
798 3833 959 3880 tuo-Sextus
974 3837 1011 3879 eet
1024 3830 1178 3896 Tarquinius,
1188 3829 1229 3895 qui

725 3904 800 3954 hostis
809 3921 853 3969 pro
863 3905 986 3971 hospite,”
998 3912 1047 3954 etc.

758 3981 814 4028 829.
825 3981 890 4028 Dant
900 3982 996 4035 veniam,
1003 3979 1066 4042 etc-J
1074 3978 1167 4029 Meliut
1172 3992 1230 4027 em-

725 4054 924 4120 eolanturoegram
935 4052 1015 4110 enimi,
1028 4053 1159 4103 avertendo
1169 4068 1231 4102 nox·

727 4142 765 4177 nm
786 4130 817 4178 nb
837 4138 921 4179 coacta
943 4128 970 4177 in
987 4137 1109 4178 auctorem
1129 4126 1231 4178 delicti:

726 4213 828 4254 mentem
840 4208 948 4271 peceare,
959 4218 1006 4253 non
1016 4217 1113 4267 eorpus.
