2806 5018
304 355 370 419 bill
597 351 636 415 P.
661 349 823 416 OVIDII
848 347 1060 415 NASONIS

309 525 363 598 Ut
380 547 579 622 pronepos,
600 523 775 603 Saturne,
793 533 893 606 tuus,
913 545 1030 617 quern
1047 520 1215 595 reddere
1229 512 1339 593 vitam

359 638 464 713 Urbe
482 638 691 712 Coronides
708 638 801 711 vidit
818 639 867 711 ab
885 637 968 735 ipse
983 660 1076 724 sua;

310 753 364 827 Ut
382 753 496 838 Sinis,
515 764 555 828 et
574 753 722 840 Sciron,
742 766 887 828 etcum
905 751 1173 850 Polypemone
1192 760 1319 835 uatus,

358 868 510 967 Quique
523 870 636 942 homo
649 879 756 965 parte
769 868 954 966 sui,parte
962 869 1155 964 juvencus
1167 877 1275 952 erat3
1288 867 1353 936 410
1370 958 1376 970 ⁸

308 984 460 1081 Quique
474 985 599 1059 trabes
618 1008 767 1081 pressas
782 985 830 1058 ab
849 985 963 1055 humo
982 982 1164 1056 mittebat
1181 980 1224 1054 in
1242 1002 1351 1064 surm,

358 1099 534 1195 AEquoris
551 1098 765 1196 adspiciens
783 1099 895 1193 hujus
912 1108 953 1170 et
970 1099 1084 1194 hujus
1103 1120 1254 1193 aquaa;

309 1213 481 1310 Quaeque
501 1213 619 1286 Ceres
636 1212 732 1286 vidit
748 1213 835 1285 laeto
853 1212 1050 1308 pereuntia
1068 1211 1180 1285 vultu

361 1329 530 1426 Corpora
545 1329 695 1402 Thesea
714 1328 937 1424 Cercyonea
954 1351 1082 1399 manu.

309 1621 479 1675 violarevellet.
486 1635 584 1669 uxorem
591 1620 712 1677 Herculis,
719 1620 806 1683 sagitta
855 1621 1043 1683 supereminente
1055 1619 1261 1683 amputabantur:
1278 1616 1349 1666 siren

308 1696 339 1744 ab
351 1695 453 1743 Hercule
463 1694 618 1759 interemptus
627 1703 674 1743 eat.
855 1691 981 1747 breviores,
1014 1690 1120 1756 pedibus
1154 1690 1348 1742 distendebaatar.

341 1767 805 1833 406.Dmmentq=oegem.]1³erquem
855 1764 916 1812 Zsa.

308 1842 461 1908 Eurytionem
470 1850 607 1890 centaurum
618 1840 738 1905 intelligo:
756 1839 805 1887 Iri·
889 1838 945 1887 tto.
963 1839 1053 1902 Quique
1065 1838 1151 1902 loma]
1169 1839 1212 1888 De
1228 1839 1348 1888 Minotauro

309 1917 362 1966 onia
377 1932 407 1965 ex
426 1917 488 1965 nube
509 1915 593 1971 filiurn,
611 1915 682 1965 Nessi
703 1916 806 1969 tratrem,
856 1911 976 1976 intelligit,
986 1928 1058 1977 quam
1067 1911 1182 1963 'l’beam
1192 1913 1316 1963 interiecit.

309 1991 351 2056 qui
378 1999 402 2038 et
426 1990 477 2055 ipse
498 1988 591 2037 occisus
617 1988 689 2036 fertur
713 1987 806 2036 vindice
889 1990 946 2035 411.
960 1987 1136 2051 Quipuetrabar
1144 1984 1349 2050 masiti·

311 2063 424 2112 Hercule.
857 2059 1349 2127 tyocamptenintelligitpoeta.qaiaber

343 2138 399 2185 407.
424 2137 456 2184 Ut
472 2152 586 2198 pronepus,
603 2135 711 2191 Satrrrne,
727 2134 804 2196 tuna]

311 2211 350 2259 Da
360 2209 488 2274 Peripheta
498 2208 614 2270 intellige,
622 2223 693 2271 quem
705 2223 718 2255 a
729 2208 807 2262 clava,

311 2299 383 2349 quam
394 2292 485 2347 gestare
495 2282 595 2338 uolebat,
608 2283 744 2344 Corynatrm
754 2281 806 2328 dix·

309 2373 356 2406 ere.
384 2357 431 2405 Hic
448 2356 567 2404 nTheaeo
583 2354 647 2404 circa
662 2353 807 2420 Epidaurum

309 2429 403 2478 occiana
411 2438 456 2484 eat,
465 2445 513 2493 qno
523 2428 575 2476 loco
583 2428 735 2493 AEaculapiua
745 2427 806 2476 cole·

310 2505 393 2551 batur:
411 2502 475 2550 unde
485 2504 516 2550 ab
524 2505 580 2549 urbe
590 2520 632 2549 aua
642 2501 732 2549 casdem
744 2500 808 2550 illius

310 2575 455 2639 prospexisse
473 2575 551 2636 ipsum
570 2573 630 2621 dicit
648 2583 728 2637 poeta.
766 2574 808 2621 Est

311 2646 374 2695 enim
395 2649 489 2695 reddere
509 2650 587 2701 vitum,
607 2647 680 2705 mori;
706 2662 759 2702 non,
782 2655 808 2694 ut

311 2720 408 2784 quidam
429 2719 547 2784 accepisse
572 2720 688 2774 videntur,
710 2720 807 2768 revivis-

311 2809 374 2841 cere.
409 2793 462 2840 Fuit
473 2801 552 2840 autem
563 2794 682 2856 Corynetn
694 2809 807 2856 pronepos

311 2866 415 2920 Saturni,
426 2866 470 2914 hoc
481 2875 563 2930 pacto:
583 2866 676 2913 Saturni
687 2866 808 2915 filiaJuno

311 2941 371 2998 tuir;
388 2942 402 2989 J
406 2940 489 2988 uuonis
501 2939 639 2997 lluleauus3
658 2939 727 3003 hujus
744 2939 806 2987 Peri·

312 3014 400 3078 pheta3
417 3012 481 3077 quod
496 3024 519 3060 et
531 3013 661 3061 Pausanias
671 3022 771 3061 testatur
785 3013 808 3060 in

313 3087 426 3151 principio
438 3085 619 3135 Corinthiorum.

345 3163 401 3208 408.
420 3159 563 3221 Coronides]
583 3159 745 3222 AEsculapius,
760 3159 807 3206 Co·

315 3234 403 3281 rnnidis
414 3250 443 3280 err
454 3233 566 3297 Apolline
577 3233 646 3280 filius.
663 3233 725 3279 Zau.

345 3310 401 3356 409.
420 3308 451 3354 Ut
473 3307 569 3369 Sciam]
598 3308 659 3354 St'm'a
684 3315 732 3353 tam
759 3304 807 3359 hic,

313 3397 385 3445 qnam
403 3382 465 3428 Met.
477 3381 518 3428 vii.
531 3396 580 3428 ver.
596 3382 652 3427 440.
665 3390 689 3428 et
703 3380 810 3443 Epistola

315 3453 439 3518 Plrylydis,
461 3471 509 3502 ver.
531 3456 563 3501 70
570 3472 577 3513 ;
604 3453 672 3511 Σίνις
692 3462 728 3501 est
746 3453 809 3517 apud

858 2150 942 2182 nomen
952 2133 1044 2190 habuit,
1055 2133 1122 2197 quod
1133 2133 1243 2198 bospite·
1252 2150 1267 2182 a
1276 2149 1300 2182 aa
1307 2147 1349 2180 cer·

857 2208 945 2255 tamine
958 2206 1042 2263 vietae,
1052 2205 1156 2254 dirersis
1169 2206 1267 2271 pinibus
1279 2204 1350 2256 inter·

856 2295 907 2329 ram
918 2279 1022 2328 curvatis
1029 2279 1165 2344 adligabat,
1176 2289 1251 2346 atque
1257 2281 1290 2329 ita
1299 2279 1350 2344 liga·

857 2364 901 2411 tos,
918 2353 1003 2403 iisdem
1019 2354 1145 2402 arboribus
1165 2369 1261 2403 rursum
1275 2355 1350 2402 iterna

858 2442 887 2475 ac
908 2426 994 2491 pariter
1015 2425 1118 2485 ercinia,
1137 2426 1272 2476 lacerabat.
1310 2425 1349 2473 iste

857 2500 942 2549 Isthmi
951 2500 1073 2564 angustias
1087 2500 1228 2556 obsidebat,
1237 2515 1307 2565 quare
1316 2499 1350 2546 bie

858 2584 950 2639 aposta
960 2574 1055 2630 dicitur,
1063 2573 1138 2638 bajus
1148 2583 1176 2623 et
1186 2574 1251 2623 illins
1261 2574 1351 2638 aquia

858 2665 940 2713 aquus.
961 2648 1005 2697 boc
1026 2656 1071 2704 est,
1093 2648 1191 2695 Ionium
1212 2658 1238 2697 et
1257 2649 1351 2711 ⁴Egeram

857 2737 920 2770 mare
938 2721 1083 2785 adspexisse.
1117 2722 1244 2770 Ceterum
1259 2722 1349 2770 eandam

858 2796 920 2845 bunc
934 2795 973 2844 alii
984 2795 1076 2844 iaciunt
1091 2811 1147 2843 curn
1160 2813 1272 2861 ecquem
1284 2795 1349 2843 Sinin

857 2885 927 2933 supra
937 2869 1015 2917 vocari
1025 2869 1139 2917 diximus.
1161 2870 1264 2918 Ovidius
1271 2879 1350 2922 auten,

858 2941 969 2997 diversos,
986 2942 1052 2990 Sinin
1068 2951 1095 2990 et
1111 2942 1187 3000 bunc,
1207 2943 1237 2991 de
1255 2959 1301 3007 quo
1317 2941 1350 2988 bic

859 3015 952 3071 dicitur,
963 3017 1148 3079 Pityocampten
1161 3017 1241 3065 iacere
1252 3016 1348 3063 videtur:

859 3104 932 3152 quum
943 3104 1014 3153 supra
1024 3088 1101 3143 Sinin,
1111 3104 1157 3136 suo
1172 3105 1203 3138 ac
1217 3088 1304 3154 proprio
1313 3103 1349 3135 no

859 3161 931 3217 mine,
942 3160 980 3209 bie
994 3169 1085 3215 autem,
1098 3176 1155 3208 eum
1171 3162 1214 3226 qui
1229 3163 1319 3210 arborea
1329 3159 1350 3206 in

859 3241 944 3282 terram
971 3241 1091 3289 curvatas,
1118 3249 1214 3283 rursum
1240 3235 1265 3282 in
1290 3247 1350 3282 auras

859 3307 944 3364 emisit,
955 3308 1079 3370 subpresso
1091 3308 1188 3356 nomine
1199 3308 1309 3372 poscent.

892 3381 949 3427 41³.
967 3380 1063 3442 Quoque
1075 3380 1144 3426 cem
1158 3382 1240 3444 vidia]
1260 3382 1347 3444 Gorys

860 3469 914 3501 nem
936 3452 1053 3501 Arcadem
1076 3453 1101 3501 in
1123 3455 1236 3518 palestra
1257 3456 1349 3503 naeu

313 3528 418 3575 Grecos
433 3529 465 3575 ll.
498 3529 568 3575 Sinis.
598 3527 645 3584 Qui
668 3528 708 3590 (ut
729 3527 810 3573 scribit
856 3527 926 3590 juxta
942 3525 1087 3574 Eleusiniam
1106 3527 1221 3577 Cererem
1237 3526 1349 3592 superarit.

313 3597 444 3657 Diodorus)
466 3600 571 3664 adligata
591 3614 688 3664 corpora
707 3598 809 3647 curvatis
860 3609 887 3647 ut
897 3599 1039 3648 Plutarchus
1052 3600 1145 3655 scribit,
1158 3611 1184 3650 et
1197 3605 1228 3651 ab
1238 3601 1348 3652 Ovidicin

314 3673 435 3720 arboribus
455 3674 479 3720 in
498 3674 571 3721 altum
594 3674 725 3727 emittebat,
746 3671 809 3719 unde
860 3673 922 3721 Met.
941 3673 982 3721 lib.
1000 3674 1041 3720 vii.
1059 3675 1117 3721 439.
1133 3677 1257 3740 tangitur:
1274 3683 1289 3704 ‘⁸
1302 3675 1349 3723 cn·

314 3744 482 3791 curvabantur.
494 3747 526 3792 D.
557 3748 644 3793 Etcum
654 3747 808 3808 Polypemone.
858 3745 941 3809 cyonis
951 3747 1041 3794 lethum
1053 3746 1114 3794 vidit
1124 3747 1237 3798 Cerealis
1247 3747 1348 3798 neu&

313 3815 449 3862 Procrustes
470 3818 636 3881 Polypemonis
657 3819 719 3866 filius
737 3817 761 3863 in
781 3832 809 3864 eo
861 3820 959 3882 Qrtaepur
987 3821 1053 3867 Cerea
1079 3823 1138 3868 vidit
1167 3825 1219 3871 leto
1243 3824 1348 3885 pemati·

312 3886 441 3934 locoterrae
453 3888 810 3953 Atticmqumdicitanurdw
859 3896 934 3939 orrttu.
977 3893 1075 3956 Propter
1109 3895 1210 3943 sublata
1239 3894 1348 3944 tarmeim

313 3958 474 4013 insultatores
496 3961 606 4010 inusitato
625 3964 739 4027 supplicio
759 3980 809 4011 sus·
859 3966 1052 4030 scilicet‚quibua
1061 3965 1104 4014 ille
1112 3970 1179 4016 viam
1188 3981 1260 4034 atque
1270 3969 1347 4017 adum

314 4033 420 4083 tollebat.
439 4035 468 4082 In
480 4036 565 4083 lectica
575 4053 676 4100 namque
688 4053 728 4084 eos
738 4054 810 4100 pone-
859 4039 889 4086 ad
913 4039 1057 4096 Eleusinem,
1079 4041 1121 4088 ubi
1143 4043 1219 4092 Ceres
1245 4042 1348 4109 pracipes

313 4107 368 4154 bat:
393 4108 493 4172 quodsi
513 4109 628 4172 longiores
648 4121 722 4164 erant,
743 4119 809 4174 parte
859 4113 988 4169 colebatur,
999 4114 1134 4162 infestaret.
