2806 5018
181 329 247 395 ³96
574 327 830 394 EXCURSUS

185 500 256 566 Eol.
276 499 333 576 X,
356 501 474 584 Scalig.
497 502 537 565 ad
557 501 647 565 Fest.
667 501 698 564 h.
715 523 745 564 v.
765 500 830 565 Pro
851 498 981 562 Saturni
1001 498 1142 582 conjuge
1158 499 1224 582 jam

183 610 260 666 tuuc
281 603 381 667 fuisse
403 604 551 679 habitam,
572 604 688 688 Opalia
707 624 779 667 cum
800 601 1021 666 Saturnalibus
1041 601 1224 683 conjuncta,

183 713 219 767 et
244 704 324 787 Opis
351 727 423 768 cum
451 704 555 779 Rhea,
584 704 682 769 Croni
708 725 819 777 uxore,
842 701 1047 766 commutatio
1076 702 1225 764 innuunt.

183 803 350 871 Macrobio
369 807 404 885 (i.
428 807 497 886 10.)
517 808 586 891 ipso
606 828 678 870 cum
699 806 836 869 Saturno
856 804 984 886 frugum
1005 813 1040 866 et
1060 803 1224 866 srrrotunm

182 917 364 991 repertores
382 908 540 983 dicuutur,
558 930 641 972 nuno
658 918 808 992 tanquam
823 907 898 970 vitae
912 905 1054 969 cultioris
1074 916 1224 968 auctores

183 1008 245 1072 coli
261 1008 354 1073 soliti.
399 1009 481 1073 Aliis
497 1025 581 1073 terra
596 1011 772 1082 videbatur,
786 1009 871 1092 quod
886 1029 996 1071 semen
1010 1007 1222 1090 recipiebant,

184 1131 248 1193 quo
263 1112 360 1174 etiam
377 1112 458 1196 Opia
472 1113 615 1175 oonsivioe
630 1132 805 1194 cognomen
821 1119 954 1192 spectat.

232 1212 395 1281 Vertumni
410 1235 537 1297 quoque
556 1223 590 1277 et
606 1215 756 1278 Pomone
772 1213 923 1275 memoria
937 1210 1130 1286 flaminibus,
1146 1220 1224 1275 tem·

182 1312 255 1397 plis,
266 1324 300 1377 et
311 1315 398 1378 seriis
409 1314 570 1378 celebrata
580 1324 640 1379 est.
676 1314 826 1378 Pomona
839 1334 952 1376 munus
966 1333 1087 1376 nomen
1103 1314 1222 1396 prodit;

183 1414 225 1478 de
240 1413 417 1478 Vertumno
434 1414 495 1498 ipsi
508 1425 634 1479 veteres
651 1415 809 1478 interdum
824 1414 1034 1488 dissentiunt;
1057 1435 1099 1477 eo
1115 1423 1222 1478 tamen

158 1582 162 1589 ,
181 1516 318 1601 plurima
338 1528 515 1590 recurrunt,
531 1518 633 1601 ipsum
654 1539 769 1582 nomen
787 1538 900 1581 munus
920 1518 990 1601 ejus
1008 1516 1165 1592 iudicare,
1179 1518 1223 1580 ita

183 1627 221 1681 ut
239 1619 325 1682 omni
346 1641 449 1684 rerum
470 1621 687 1696 vicissitudini,
706 1620 780 1683 anni
799 1621 896 1683 etiam
917 1619 1052 1683 dirersis
1073 1621 1221 1704 tempori·

182 1719 242 1784 bus
259 1730 421 1802 praeesset.
467 1723 572 1787 Imeus
587 1723 678 1787 class.
695 1722 780 1805 apud
796 1721 893 1804 Prop.
908 1721 951 1784 ir.
965 1720 998 1784 2.

226 1821 377 1886 Proxime
400 1824 544 1888 eamdem
567 1826 607 1888 cb
633 1824 788 1888 rationem
812 1824 852 1887 ad
876 1845 950 1886 eum
974 1822 1104 1887 accedit
1125 1825 1220 1888 Anno

183 1924 344 2000 Perenne,
360 1925 392 1988 in
407 1926 498 2010 cujus
512 1926 595 1990 sesto
610 1947 677 2000 ver,
694 1926 801 1989 letam
817 1925 893 1992 onai
909 1934 1031 2008 tempus
1042 1927 1155 2009 spatio
1165 1947 1219 1988 ruo

110 2065 112 2071 .
181 2026 319 2101 rediens,
333 2026 459 2110 publica
470 2027 579 2091 laetitia
590 2026 802 2110 excipiebant.
827 2026 962 2091 Ovidius
977 2026 1099 2090 multus
1114 2037 1167 2090 est
1180 2027 1218 2090 de

180 2123 339 2191 hilaritate
359 2138 394 2191 et
412 2128 528 2210 gaudio
550 2129 710 2192 interdum
730 2128 841 2201 effuso,
862 2128 915 2191 oui
934 2149 992 2191 suo
1012 2127 1120 2192 adhuc
1142 2137 1216 2192 tem·

179 2249 257 2311 pore
277 2229 425 2304 bibendo,
437 2230 586 2312 jocando,
601 2230 758 2293 cantando
778 2237 811 2292 et
829 2229 971 2292 saltando
982 2214 1022 2291 'in
1038 2230 1147 2293 Annae
1167 2252 1216 2294 ue·

180 2349 268 2393 more
284 2330 325 2392 ad
341 2338 470 2412 pontem
486 2330 634 2405 Milvium
649 2330 867 2415 indulgebant.
897 2329 1045 2405 Ovidius,
1062 2332 1168 2415 quiin
1181 2352 1217 2395 ea

179 2429 369 2512 explicanda
382 2430 511 2513 quidem
526 2431 647 2494 fabulas
663 2431 868 2495 alienissimus
882 2431 1050 2505 admiscet,
1062 2441 1098 2494 et
1112 2433 1144 2496 in
1160 2434 1217 2496 elia

179 2529 285 2591 omnia
305 2530 381 2604 abit,
405 2530 479 2594 alibi
501 2541 605 2595 tamen
631 2531 800 2596 manifesto
826 2533 926 2615 ipsam
952 2532 992 2595 ad
1015 2531 1107 2596 Auni
1132 2535 1216 2598 initia

178 2629 285 2693 fausta
305 2631 404 2694 refert
424 2632 481 2713 (iii.
508 2632 582 2696 145.
608 2633 697 2709 146.)
719 2632 745 2696 si
767 2633 896 2715 quidem
923 2633 997 2695 anui
1020 2635 1143 2698 ueteris
1164 2656 1214 2698 au-

52 2816 55 2821 p
179 2730 277 2813 spicia
291 2730 371 2794 hano
385 2734 482 2796 etiam
496 2733 536 2795 ob
551 2755 678 2797 oausam
695 2755 713 2796 a
726 2733 842 2796 Martio
857 2735 949 2816 petit,
963 2736 1049 2817 quod
1065 2735 1110 2798 ibi
1123 2736 1215 2800 Anna

180 2830 329 2896 Perenna
351 2834 482 2897 colatur.
528 2836 595 2899 Nec
619 2835 693 2898 milri
712 2856 820 2918 parvo
831 2835 925 2916 fides,
944 2857 1044 2898 annos
1064 2836 1141 2900 binc
1160 2841 1215 2900 isse

174 2935 310 3017 priores,
325 2938 422 2999 Anno
439 2937 524 3022 quod
535 2936 597 3004 ,boc
612 2945 715 3019 crepta
734 2945 781 2998 est
801 2958 898 2999 rnerme
914 2938 1065 3000 Perenne
1083 2940 1164 3012 coli,·
1184 2942 1213 3002 in

177 3055 241 3117 qua
256 3049 511 3121 argumentorum
528 3041 609 3101 serie
625 3028 836 3101 eosdemoum
850 3038 1015 3102 Macrobio
1030 3040 1065 3118 (i.
1080 3039 1134 3104 12.
1146 3053 1214 3125 pest

176 3136 258 3213 init.)
272 3139 387 3214 sontes,
401 3140 484 3203 haud
498 3140 593 3203 dubie
609 3139 825 3222 lastographos
838 3139 906 3202 illos
920 3140 997 3221 (vid.
1011 3163 1083 3224 sup.
1096 3164 1130 3224 p.
1141 3144 1211 3206 tet.

177 3236 260 3302 Exo.
278 3241 313 3316 i.)
335 3241 488 3324 respexit.
534 3240 624 3303 Inter
646 3240 723 3303 alios
748 3241 940 3322 antiquiores
963 3240 1048 3304 Latii
1067 3243 1147 3307 deos
1167 3266 1211 3306 re

176 3350 326 3404 censetur
353 3341 400 3403 his
430 3340 581 3404 Varronis
609 3341 770 3404 versibus:
801 3351 832 3404 te
863 3341 959 3404 Anna
986 3351 1021 3404 et
1052 3342 1209 3417 Perenna,

175 3439 289 3504 Panda
316 3448 360 3502 nal
388 3449 460 3503 λάτω
486 3443 592 3517 Pales,
620 3442 791 3518 Nerienes,
820 3443 975 3517 Minerva,
1004 3445 1151 3510 Fortuna
1176 3467 1211 3508 ao

177 3539 289 3604 Ceres.

218 3640 327 3722 Ipsum
348 3666 461 3708 nomen
481 3668 573 3729 aeque
594 3669 631 3709 ac
649 3669 750 3710 annus
768 3669 838 3710 esse
857 3669 876 3710 a
895 3649 1022 3711 notione
1041 3652 1139 3724 orbis,
1155 3652 1209 3714 cir·

174 3741 288 3816 cuitus,
315 3745 365 3805 cui
395 3767 503 3810 omnes
531 3747 598 3809 lere
627 3746 736 3830 populi
765 3770 880 3811 annum
909 3749 1044 3812 similem
1076 3751 1207 3836 fingunt,

172 3863 358 3925 persuasum
389 3847 462 3907 milri
495 3856 555 3909 est.
606 3847 733 3910 Voces:
770 3851 883 3912 Annus
918 3860 952 3912 et
979 3850 1131 3916 Anuulus
1165 3853 1208 3931 (id

173 3953 233 4017 est,
257 3943 379 4024 cuculi)
407 3947 470 4016 ἔτος,
488 3954 608 4018 ἐνιαυτὸς,
630 3950 719 4024 Jahr,
744 3973 820 4034 year
847 3953 886 4015 ab
913 3953 1046 4036 antiquo
1071 3977 1129 4038 yra
1154 3956 1208 4017 cir·

172 4046 270 4119 cuke,
291 4045 358 4128 jam
382 4059 602 4130 compararunt
625 4052 762 4116 Bredow
785 4065 818 4117 et
838 4054 991 4129 Vossius3
1016 4058 1075 4120 sed
1100 4067 1133 4120 et
1154 4079 1206 4119 on-
