2806 5018
408 365 531 442 NUX,
556 365 747 433 ELEGIA.
1036 369 1101 434 471

53 538 97 612 Si
116 539 205 612 licet
221 539 306 623 hoc,
321 539 424 612 oleas
437 538 671 635 distringite:
697 540 834 615 caedite
852 565 1010 628 messes,
1033 545 1103 614 135

106 653 303 753 Improbe!
329 654 494 727 vicinum
513 679 638 753 carpe,
656 656 787 741 viator,
806 657 903 730 olus.

50 767 178 843 Intret
194 781 234 843 et
250 772 413 844 urbanas
432 769 565 843 eadem
584 771 793 868 petulantia
810 781 959 869 portaa3

106 882 244 983 Sitque
262 886 337 958 tuis
354 885 482 972 muris,
504 885 678 973 Romule,
695 886 791 982 juris
809 886 922 960 idem.

51 1000 229 1087 Quilibet
245 1012 440 1098 argentum
459 1000 579 1099 prima
596 1001 644 1073 de
662 1000 783 1074 fronte
800 1002 965 1075 tabernae

106 1116 252 1205 Tollat;
283 1117 388 1190 etad
406 1140 575 1213 gemmas
594 1116 754 1212 quilibet
771 1118 866 1190 alter
883 1129 957 1192 eat.
1034 1124 1105 1192 140

53 1231 215 1307 Auferat
231 1233 292 1304 hic
311 1255 463 1305 aurum:
493 1231 710 1329 peregrinos
728 1233 792 1305 ille
809 1233 979 1330 lapillos;

108 1346 160 1421 Et
177 1371 438 1445 quascumque
457 1357 582 1445 potest
598 1357 766 1444 tangere,
785 1349 893 1423 tollat
910 1373 1016 1446 opes,

56 1463 138 1537 Sed
152 1487 278 1561 neque
288 1465 491 1537 tolluntur:
519 1487 602 1549 nec,
615 1463 705 1538 dum
719 1464 816 1560 regit
825 1464 951 1539 omnia
962 1466 1103 1551 Caesar,

112 1576 330 1665 IncolumiS,
349 1589 454 1652 tanto
473 1578 645 1676 praeside,
665 1591 791 1678 raptor
807 1581 890 1655 erit.

56 1693 112 1767 At
129 1717 205 1767 non
221 1695 286 1769 ille
304 1693 410 1768 Deus
429 1717 561 1792 pacem
578 1693 676 1768 intra
693 1697 831 1770 moenia
846 1696 949 1770 finit:
1036 1700 1107 1772 145

111 1808 306 1882 Auxilium
324 1819 404 1883 toto
422 1809 564 1906 spargit
579 1809 617 1880 in
634 1811 723 1883 orbe
742 1836 865 1885 suum.
934 1804 975 1877 θ

58 1923 164 2009 Quid
181 1934 309 1999 tamen
326 1925 398 1997 hoc
416 1924 581 2021 prodest,
601 1924 726 1998 media
743 1925 774 1997 ai
792 1926 890 2011 luce,
905 1928 1107 2025 palamque

110 2038 311 2126 Verberor,
330 2049 369 2112 et
385 2049 476 2111 tutae
495 2062 569 2110 non
588 2038 678 2113 licet
695 2064 781 2114 esse
797 2040 909 2113 mihi!

60 2155 164 2253 Ergo
181 2179 253 2230 nec
271 2154 380 2228 nidos
397 2151 494 2226 foliis
512 2153 665 2241 haerere,
685 2178 754 2229 nec
773 2156 888 2229 ullam

114 2270 279 2343 Sedibus
297 2270 335 2341 in
354 2268 492 2343 nostris
510 2279 610 2343 stare
627 2270 763 2344 videtis
781 2295 900 2346 avem.
1038 2275 1110 2348 150

32 2428 34 2435 ·
59 2386 116 2460 At
133 2385 243 2484 lapis,
262 2385 300 2458 in
319 2408 422 2458 ramo
439 2383 538 2458 sedit
556 2385 789 2483 quicumque
806 2386 962 2473 bifurco,

114 2499 267 2588 Haeret;
297 2510 348 2587 et,
367 2510 410 2572 ut
426 2510 539 2597 capta
555 2500 675 2573 victor
691 2502 730 2574 in
749 2527 847 2589 arce,
866 2514 1007 2577 manet.

61 2617 205 2691 Cetera
222 2641 323 2714 saepe
341 2626 466 2690 tamen
484 2627 640 2714 potuere
660 2618 825 2694 admissa
843 2621 983 2717 negari,

116 2731 169 2805 Et
185 2732 325 2807 crimen
345 2755 420 2804 nox
439 2742 498 2805 est
515 2732 679 2807 inficiata
697 2760 819 2809 suum.

62 2848 208 2960 ljostra
225 2859 330 2922 notat
345 2847 452 2921 fusco
470 2848 608 2944 digitos
627 2849 761 2946 injuria
779 2875 905 2937 succo,
1043 2855 1112 2924 155

118 2962 271 3038 Cortice
288 2972 482 3038 contactas
500 2963 688 3038 inficiente
707 2989 853 3038 manus.

64 3257 153 3302 Amor.
164 3269 189 3300 v.
200 3256 229 3302 5:
247 3260 264 3281 “
275 3253 336 3309 Quis
351 3253 403 3309 tibi,
420 3268 483 3301 save
500 3268 567 3317 puer,
617 3261 632 3280 “
695 3254 770 3302 Simul
782 3269 838 3302 ense
850 3254 949 3310 recluso,
959 3253 1015 3302 Ibat
1029 3253 1054 3302 in
1064 3255 1113 3304 Eu·

63 3326 187 3377 deditior
203 3327 228 3375 in
243 3327 347 3376 carmina
359 3327 451 3391 jurisl’'
484 3326 568 3382 Idest,
616 3328 735 3392 ryalum.”
770 3329 879 3389 lapillos,
890 3327 996 3376 uniones.
1016 3326 1087 3376 Cror.

63 3403 113 3449 boc
122 3399 399 3465 joabancluoultatem.
652 3393 705 3440 144.
728 3393 839 3455 Ruptum]
869 3392 960 3441 Recte:
989 3392 1058 3456 quasi
1077 3393 1116 3442 fur

103 3474 160 3522 138.
176 3474 254 3538 Sitque
265 3478 400 3531 tuismnrt's,
411 3474 470 3537 ete]
492 3474 569 3532 Nove,
617 3466 765 3515 manifestus·
783 3467 855 3515 Ctor·

64 3547 149 3614 inquit
170 3549 290 3605 Erasmus,
311 3552 357 3596 tuis
379 3552 458 3605 mods,
480 3564 521 3612 pro
544 3551 568 3595 in
653 3541 707 3588 1⁴9·
725 3539 991 3605 Ergvownidomlcd
1010 3538 1116 3604 Nequid

67 3635 121 3672 roos
141 3639 225 3670 moros.
252 3622 347 3670 Moenia
365 3631 419 3671 sunt
440 3621 569 3680 inviolata3
618 3615 737 3663 omitteret
747 3621 945 3677 argumentorum,
955 3611 1011 3659 hinc
1022 3625 1117 3676 quoque

66 3710 127 3746 nam
153 3695 271 3744 Romulus
296 3695 328 3743 ob
350 3695 446 3751 violata,
466 3694 570 3743 Remum
620 3686 712 3751 colligit
728 3687 902 3752 improbitatem
914 3685 1038 3740 viatorum,
1052 3683 1116 3749 qnod

67 3772 168 3820 tratrem
185 3769 281 3818 occidit.
315 3768 355 3817 Ad
372 3768 397 3816 id
414 3767 502 3817 adlusit
516 3783 572 3833 poe·
620 3763 651 3811 ob
669 3762 810 3810 densitatem
830 3776 947 3818 saxorum,
970 3759 1042 3808 nulla
1061 3775 1117 3808 aves

66 3856 111 3904 ta;
129 3858 173 3892 uec
183 3843 260 3906 gratia
270 3851 334 3891 caret
346 3841 494 3907 apostrophe.
622 3835 757 3884 nidulentur
770 3836 795 3884 in
811 3834 883 3883 ramis
896 3834 983 3899 ipsius:
1003 3833 1067 3898 quod
1080 3841 1116 3881 ta·

109 3919 163 3966 140.
187 3917 219 3964 Et
236 3919 267 3965 ud
284 3933 382 3982 gemmas
399 3917 493 3978 psllibet
513 3913 574 3962 alter
623 3926 677 3959 men
693 3910 801 3958 accidere
815 3909 960 3974 probabilius
975 3917 1018 3963 est,
1029 3908 1060 3956 ob
1073 3921 1116 3955 ua·

66 3991 130 4054 eoa]
151 3990 247 4038 Adnota
257 3990 297 4038 hic
311 3993 358 4038 vim
369 3990 434 4037 verbi
446 3993 488 4038 ire.
521 3990 572 4036 Do·
622 3983 695 4032 tivam
711 3982 891 4031 amaritudinem
906 3981 1014 4030 loliorum
1029 3988 1054 4028 et
1066 3995 1118 4028 cor-

67 4075 143 4116 nutus
159 4065 184 4114 in
197 4065 292 4114 Terent.
306 4065 371 4113 And.
391 4064 447 4112 Act.
462 4065 479 4112 i.
494 4079 527 4111 ac.
542 4079 570 4111 v:
624 4059 686 4116 tisis,
696 4075 839 4124 gravemque
850 4058 963 4107 nidorem.
980 4058 1079 4104 Enisa.

71 4143 129 4191 Itur
143 4143 174 4188 od
190 4157 232 4196 ms,
248 4142 311 4203 quusi
326 4143 356 4188 od
370 4141 460 4187 hortem
493 4137 573 4186 Plaut.
658 4136 714 4183 15³.
734 4136 964 4194 Ceterosaepetomsn
973 4130 1118 4192 potnersud·

68 4217 96 4264 in
110 4213 201 4262 Pseud.
229 4211 283 4261 Itur
293 4217 324 4262 od
331 4231 373 4261 me.
390 4213 498 4276 Virg.ix.
509 4212 572 4258 42³:
624 4211 688 4257 misso
703 4212 792 4271 negari,
808 4207 867 4268 eto]
887 4206 922 4253 Ea
938 4203 996 4252 dicit
1011 4201 1118 4258 crimina,
