2806 5018
421 406 768 472 HALIEUTICON.
1051 410 1114 474 451

62 576 151 651 Vim
170 578 289 675 spinoe
307 581 487 676 novitque
505 603 603 669 suae3
633 588 818 679 versoque
837 582 995 680 supinus

61 690 244 791 Corpore,
264 680 341 769 lina
358 706 475 781 secat,
493 696 691 793 fixumque
708 697 898 795 intercipit
916 698 1081 771 hamum.

114 922 253 998 Cetera
270 948 355 1022 quoe
372 927 509 999 densas
527 927 699 1000 habitant
716 927 891 1000 animalia
907 929 1032 1013 silvas,

60 1036 144 1111 Aut
159 1040 243 1111 vani
262 1041 437 1136 quatiunt
455 1065 604 1139 semper
621 1042 817 1139 lymphata
835 1041 1001 1127 timores,

56 1150 142 1225 Aut
158 1154 273 1227 trahit
290 1155 327 1226 in
347 1178 516 1253 praeceps
534 1181 608 1229 non
626 1180 718 1230 sana
735 1156 874 1230 ferocia
890 1156 1040 1232 mentis.
1061 1163 1110 1230 50

60 1264 155 1364 Ipsa
171 1270 279 1367 sequi
300 1269 446 1344 Natura
462 1281 602 1355 monet,
621 1272 681 1344 vel
701 1271 872 1344 cominus
890 1271 956 1346 ire.

59 1379 230 1480 Impiger
247 1408 336 1459 ecce
355 1385 432 1459 Leo
448 1398 652 1460 venantum
674 1372 841 1461 sternere
859 1386 982 1483 pergit

59 1497 238 1592 Agmina,
259 1510 297 1572 et
315 1501 481 1574 adversis
499 1500 609 1573 infert
627 1524 695 1573 sua
713 1510 869 1599 pectora
885 1501 993 1575 telis:

60 1611 226 1710 Quoque
242 1617 357 1702 venit,
376 1617 497 1690 fidens
514 1618 634 1714 magis
651 1629 692 1692 et
709 1618 889 1691 sublatior
907 1618 1024 1703 ardet,

62 1726 343 1827 Concussitque
361 1743 474 1820 toros,
495 1743 533 1806 et
551 1735 691 1807 viribus
710 1734 855 1806 addidit
873 1734 987 1821 iram;
1059 1738 1108 1807 55

61 1840 248 1930 Prodidit,
269 1856 384 1942 atque
402 1870 471 1919 suo
490 1861 665 1946 properat
682 1849 753 1921 sibi
770 1849 902 1921 robore
920 1847 1050 1920 letum.

57 2098 127 2145 quem
142 2100 188 2131 non
203 2087 271 2140 vidit,
286 2085 396 2134 Ambroe
430 2086 501 2151 Iege,
515 2105 563 2151 que
612 2086 786 2135 unimitentnm
800 2084 1111 2149 affeetu‚noningeniouut

57 2162 172 2213 merit,
192 2158 240 2215 vel,
259 2176 307 2220 pue
333 2163 441 2208 cundoet.
465 2161 527 2209 Met.
546 2161 562 2208 i.
612 2161 699 2209 astutia
709 2160 789 2225 aliqua
799 2167 904 2207 utuntur.
921 2160 1002 2209 Genu.

60 2230 126 2277 14³:
143 2231 351 2295 “Sanguineeque
362 2249 434 2282 manu
444 2235 562 2299 crepitan-
644 2237 684 2284 51.
701 2235 755 2295 ipsu
770 2236 831 2295 sequi
846 2243 941 2290 nature,
956 2233 1015 2296 ete]
1038 2234 1111 2298 Sequi

59 2301 98 2351 tit
107 2307 209 2353 comite
220 2306 313 2353 armu.”
611 2305 734 2369 fugientiu,
744 2315 768 2354 et
777 2305 884 2354 cominus
894 2307 927 2354 ire
940 2305 1111 2355 resistentibus.

95 2376 138 2424 47.
157 2378 263 2440 Corpore,
280 2379 351 2441 tim]
375 2379 467 2429 Plinius
485 2381 519 2428 ix.
536 2397 560 2430 c.
611 2379 687 2428 Inna.
705 2378 971 2437 Hieversusestinsru3
988 2377 1110 2427 undebaeo

56 2449 109 2498 50:
138 2456 154 2478 ‘⁴
166 2451 271 2508 Antbite,
292 2468 366 2515 quum
391 2469 465 2501 unum
491 2454 561 2503 humo
611 2453 690 2502 omnia
709 2468 723 2501 e
740 2452 790 2502 suis
805 2451 864 2500 locis
881 2451 1003 2508 convulsa,
1019 2459 1043 2499 et
1058 2459 1110 2500 tur·

57 2522 139 2572 teneri
155 2523 266 2580 viderint,
281 2525 363 2589 spinis,
378 2541 437 2590 quae
453 2526 477 2575 in
493 2526 562 2576 dorso
612 2527 706 2590 piuimo
725 2526 811 2575 mendo
828 2525 967 2582 deiormuta,
983 2525 1021 2574 vel
1037 2524 1111 2574 etiem

57 2608 164 2645 temtus
185 2596 281 2653 hebent,
303 2596 388 2646 lineum
411 2614 492 2647 secare
513 2607 560 2648 tru-
612 2599 745 2648 adulterina
767 2614 830 2657 eune,
852 2598 894 2662 qui
913 2598 1005 2663 judicio
1028 2599 1111 2664 pollet,

57 2669 159 2726 duntur,
177 2687 214 2727 eo,
230 2671 272 2736 qui
290 2680 390 2728 tenetur,
408 2673 560 2729 extendente,
611 2673 677 2722 nullo
688 2673 784 2738 negotio
798 2672 978 2721 animadvertet.
996 2674 1111 2722 C.-M0·

58 2751 89 2792 ut
110 2744 207 2807 procidi
227 2744 308 2809 poenit.
347 2745 381 2792 At
402 2747 462 2794 inter
482 2762 561 2811 eergo·
611 2745 956 2802 vet.nlti,m0mt‚ve1docet.
973 2746 1005 2794 G.
1032 2747 1110 2795 Monet

56 2819 111 2883 ipse
127 2818 168 2882 qui
187 2828 287 2875 tenetur,
303 2819 334 2867 ad
346 2820 456 2883 scopulos
473 2820 560 2868 lineum
611 2820 681 2868 MSS.
692 2830 716 2868 et
727 2819 790 2867 Pith.
801 2828 880 2867 mouet.
897 2818 954 2866 Atd.
967 2821 998 2867 V.

58 2891 142 2941 terit.'’
175 2891 227 2939 Iino
244 2901 269 2940 et
286 2891 336 2957 ipse
352 2892 455 2940 Andrias
472 2892 517 2940 sibi
535 2892 560 2940 id
642 2895 683 2942 52.
700 2894 800 2957 impiger
814 2902 836 2940 et
852 2895 897 2940 teto
914 2902 1037 2939 omentum
1054 2900 1111 2938 uter-

56 2972 166 3031 praeetnt,
178 2973 204 3013 ut
220 2965 307 3013 Noster
320 2965 408 3023 tradit5
424 2981 504 3029 quem,
516 2967 559 3014 ob·
610 2982 663 3014 uere
677 2971 753 3031 pergit
771 2966 890 3031 Agmine]
924 2966 954 3012 In
970 2967 1041 3013 verbo
1059 2966 1111 3020 telo,

55 3037 118 3087 litus
141 3038 186 3094 eui,
207 3037 241 3087 itu
261 3039 301 3087 hic
322 3038 428 3103 seqnitur
447 3039 557 3088 Plinius:
610 3039 722 3087 mendum
744 3040 820 3087 inesse
841 3047 905 3086 recte
927 3037 1021 3102 putavit
1039 3037 1110 3085 ciao-

55 3119 74 3142 “
84 3110 201 3160 Anthium
212 3110 283 3160 tradit
298 3110 361 3160 idern
377 3112 476 3160 infixum
491 3112 561 3161 humo
611 3127 701 3171 conus;
723 3121 748 3161 et
764 3113 818 3167 Leo,
836 3127 909 3175 quum
931 3110 961 3159 de
979 3111 1032 3158 eliis
1050 3109 1111 3159 inire

56 3187 177 3235 invertere
187 3201 221 3241 ee,
231 3185 342 3249 quoniam
354 3186 385 3234 eit
395 3185 462 3234 dureo
475 3186 560 3234 cultei-
611 3186 666 3234 serie
682 3195 747 3249 ngat,
758 3187 823 3249 legit.
858 3187 909 3247 Ego
922 3198 985 3239 vero,
998 3184 1109 3248 quonium

56 3260 119 3315 tau,
148 3259 263 3324 spinaque
292 3259 379 3308 lineum
407 3260 559 3323 prosecute?
610 3261 704 3325 syllaba
720 3260 829 3308 tebrevie
841 3267 885 3314 eet,
896 3266 920 3306 et
934 3273 1029 3306 cutmen
1043 3257 1109 3306 elun-

56 3336 100 3384 lte
116 3334 168 3398 jum
187 3333 277 3381 dudum
298 3333 389 3382 rettitui
413 3332 559 3397 corruptissi·
611 3333 684 3388 dicut,
700 3349 714 3381 e
733 3333 852 3381 veteribus
868 3330 1011 3379 editionibus
1027 3345 1111 3395 perum

57 3422 127 3459 mum
147 3406 234 3462 lucum,
252 3421 323 3470 quern
344 3416 386 3454 ant
405 3406 490 3454 trustra
507 3415 558 3454 ten·
609 3406 730 3462 recedens,
741 3406 809 3469 lego:
827 3403 927 3468 Impiger
938 3419 987 3452 ecce
997 3403 1051 3459 Lw,
1061 3411 1111 3451 etc.

55 3490 121 3537 tent,
144 3489 186 3529 eut
209 3490 298 3529 temere
323 3481 392 3528 nimie
417 3481 560 3545 prostituunt
612 3479 743 3528 Venantum
757 3488 836 3526 autem
848 3476 983 3524 emendarit
995 3475 1057 3524 idem
1069 3475 1111 3524 ci·

53 3555 170 3606 editores.
192 3553 447 3602 vum-Anthium
475 3563 558 3617 ceptu·
609 3566 721 3607 account.
730 3567 804 3616 quum
822 3559 893 3598 antea
906 3550 970 3597 male
984 3548 1110 3614 legeretur,

55 3645 108 3679 mn
126 3627 245 3691 eleganter
259 3626 371 3675 describit
383 3627 489 3692 Oppiun.
508 3628 558 3674 Ha·
613 3625 726 3674 Veientem.
743 3626 813 3673 Cror.

51 3703 161 3755 beuti.
172 3702 284 3764 3062qq.
641 3700 681 3748 54.
698 3700 791 3762 Quoque
801 3697 885 3760 uenit]
903 3698 991 3746 Semne
1001 3697 1109 3747 videtur:

91 3776 134 3823 tu.
161 3773 265 3835 Cotum]
293 3772 431 3836 Digreditur
452 3772 482 3820 ad
507 3772 559 3821 uni-
609 3788 656 3836 quo
668 3773 774 3837 proprius
784 3771 856 3827 venit,
867 3771 905 3819 vel
916 3786 964 3835 quo
972 3771 1048 3835 magis
1058 3773 1110 3821 vul·
1195 3815 1199 3822 .

55 3856 153 3899 menter
171 3856 298 3903 terrestres,
317 3855 344 3894 ut
363 3862 404 3894 eae
425 3846 503 3894 minue
523 3845 559 3893 in·
610 3855 711 3893 neratur.
728 3845 808 3894 Grsu.

54 3920 165 3976 dustria,
180 3922 218 3970 vel
234 3922 336 3976 astutio,
347 3937 420 3985 quam
434 3920 558 3984 plerosque
642 3921 681 3968 55.
701 3919 788 3981 Toron]
812 3917 841 3966 Id
859 3927 895 3967 eet
911 3926 991 3983 partes
1008 3917 1110 3981 corporis

54 3997 136 4062 pisces
146 3993 233 4042 bebere
243 3993 361 4042 ostendet.
388 3994 468 4057 Equos
479 4002 558 4041 tumen
609 4007 726 4041 carnosus.
742 3993 820 4041 loru.

53 4081 80 4122 et
90 4084 168 4119 canes
178 4068 268 4116 iaudat.
285 4068 360 4116 luen.
642 4069 681 4116 56.
701 4068 829 4131 Prodidit]
847 4065 957 4119 Mallem,
973 4066 1074 4126 proruit,
1088 4063 1108 4111 si

87 4146 131 4194 ⁴9.
148 4146 197 4192 Aut
215 4144 290 4206 veut]
316 4144 347 4192 Id
365 4153 410 4197 eut,
428 4149 471 4190 aut
491 4141 561 4190 nimis
610 4141 687 4189 active
700 4140 861 4205 acciperetur:
880 4138 948 4185 timul
961 4137 1109 4195 membres

53 4228 116 4270 mut
134 4217 230 4275 timida,
249 4226 291 4266 eut
308 4216 378 4266 nimie
397 4216 511 4265 audacia:
535 4223 560 4263 et
609 4225 725 4275 monum
740 4230 771 4271 u,
780 4213 876 4263 Terent.
892 4207 1107 4259 nup-tuum.
