2806 5018
355 363 614 429 FASTORUM
638 364 731 429 LIB.
754 364 818 430 vl.
1046 369 1114 434 332

52 533 261 630 Turrigero
277 534 436 609 frontem
455 536 603 632 Cybele
621 537 794 610 redimita
809 563 948 612 corona

113 647 308 726 Convocat
325 662 483 726 aeteruos
502 652 550 725 ad
568 676 638 725 sua
654 652 751 727 festa
767 656 880 742 deos;

60 765 259 841 Convocat
275 778 313 840 et
330 768 499 865 Satyros,
512 780 551 841 et
563 771 703 844 rustica
715 772 879 857 numina,
894 771 1107 870 Nymphas.
1195 827 1208 849 .

11 958 21 973 ‚
113 880 276 968 Silenus,
296 884 467 979 quamvis
485 909 596 958 nemo
614 897 776 973 vocarat,
797 887 918 960 adest.

61 995 146 1072 Nec
165 997 266 1084 licet,
286 1010 324 1073 et
341 1000 493 1094 longum
512 1011 572 1072 est
588 1002 719 1098 epulas
738 1026 887 1077 narrare
905 1003 1082 1079 deorum:

113 1111 158 1185 In
176 1115 295 1187 multo
313 1139 388 1188 nox
406 1126 466 1187 est
483 1115 703 1213 pervigilata
720 1142 835 1190 mero.
1034 1124 1108 1194 326

22 1216 25 1221 ’
62 1228 114 1303 Hi
132 1241 274 1304 temere
292 1232 467 1304 errabant
483 1230 522 1302 in
540 1255 668 1328 opacae
686 1233 845 1306 vallibus
864 1233 965 1307 Idae:

113 1345 207 1419 Pars
221 1347 337 1442 jacet,
356 1358 395 1419 et
413 1347 514 1418 molli
533 1349 699 1442 gramine
716 1351 884 1422 membra
901 1350 1011 1424 levat.

62 1459 113 1533 Hi
128 1461 284 1536 ludunt:
305 1464 374 1535 hos
387 1486 541 1536 somnus
555 1465 690 1538 habet:
711 1489 797 1562 pars
808 1465 962 1539 brachia
976 1467 1106 1553 nectit,

10 1646 15 1653 .
112 1574 163 1648 Et
178 1576 334 1651 viridem
352 1578 466 1651 celeri
484 1591 540 1651 ter
557 1579 655 1676 pede
674 1580 800 1676 pulsat
816 1581 984 1654 humum.
1024 1584 1107 1655 ’330

59 1690 178 1765 Vesta
191 1694 307 1788 jacet,
328 1692 594 1790 placidamque
611 1694 715 1791 capit
733 1719 864 1769 secura
882 1697 1063 1792 quietem,

30 1798 33 1803 ’
112 1806 222 1880 Sicut
239 1819 320 1880 erat
336 1809 500 1905 positum
518 1811 662 1907 cespite
680 1811 773 1885 fulta
789 1824 917 1909 caput.

10 1990 17 1995 .
58 1920 112 1995 At
128 1923 241 1996 ruber
258 1924 450 1996 hortorum
469 1935 596 1997 custos
616 1925 893 2024 Nymphasque
911 1927 1081 2024 deasque

111 2037 272 2135 Captat3
302 2051 340 2128 et
358 2050 525 2113 errantes
543 2039 692 2136 fertque
711 2041 899 2138 refertque
917 2042 1048 2138 pedes.

56 2152 236 2252 Adspicit
245 2166 284 2228 et
294 2153 450 2227 Vestam
463 2182 471 2242 ;
488 2155 658 2242 dubium,
672 2155 708 2229 N
712 2157 940 2254 ymphamue
952 2156 1105 2254 putarit,

31 2347 37 2355 ,
107 2268 170 2341 An
188 2269 314 2342 scierit
332 2269 509 2355 Vestam;
541 2271 657 2345 scisse
677 2271 744 2344 sed
762 2271 844 2368 ipse
864 2284 989 2367 negat.
1031 2276 1105 2345 336

54 2373 177 2483 Spem
196 2385 298 2481 capit
311 2385 536 2474 obscaenam,
548 2385 752 2482 furtimque
765 2387 945 2460 accedere
959 2397 1102 2474 tentat;

51 2529 56 2536 ·
108 2499 161 2572 Et
176 2500 249 2573 sert
266 2523 481 2598 suspensos
501 2501 614 2574 corde
632 2501 807 2587 micante,
828 2503 979 2598 gradus.

51 2616 169 2693 Forte
188 2640 318 2701 senex,
338 2641 414 2714 quo
431 2629 561 2690 vectus
580 2628 671 2701 erat,
692 2617 844 2691 Silenus
863 2618 1021 2692 asellum

108 2731 289 2830 Liquerat
306 2732 353 2804 ad
373 2732 471 2829 ripas
491 2734 574 2805 lene
594 2732 761 2804 sonantis
782 2757 903 2829 aquae.
1031 2736 1106 2805 340

48 2849 158 2930 Ibat,
179 2859 221 2920 ut
238 2848 420 2945 inciperet
437 2848 538 2943 longi
555 2848 650 2921 deus
671 2847 923 2945 Hellesponti,

108 2960 382 3060 Intempestive
401 2987 517 3060 quum
536 2963 638 3035 rudit
655 2962 717 3036 ille
735 2987 840 3036 sonu.

50 3296 132 3364 petits
142 3306 179 3345 est
189 3311 204 3344 a
213 3297 348 3350 Lactantio,
358 3298 418 3345 lust.
426 3297 446 3344 1.
456 3297 505 3345 xxi.
515 3299 555 3346 25.
609 3300 651 3345 18:
670 3296 726 3345 dare
748 3295 847 3343 brechia
868 3295 1002 3344 Ludeutem
1024 3295 1105 3345 nitidis

48 3371 165 3435 quiem
179 3370 209 3418 ab
223 3369 273 3434 ipso
287 3369 373 3418 Ouidio
387 3370 465 3417 lictum
480 3380 555 3434 putat.
606 3369 760 3434 virginibus.”
795 3370 995 3417 Pulsurelormure
1009 3369 1040 3417 de
1055 3369 1103 3417 esl-

51 3445 474 3508 Deterrlgereeorouuiv.2l9sqq.
497 3445 556 3492 Euo·
606 3453 672 3492 tante
692 3443 765 3492 etiem
782 3443 863 3492 Horat.
879 3443 899 3490 Ι.
914 3443 962 3492 od.
981 3442 1070 3491 xxxvii.
1084 3445 1105 3490 l.

51 3529 95 3568 est
111 3517 223 3573 altemm,
239 3517 281 3582 qni
297 3533 352 3566 eum
370 3517 466 3566 aliunde
482 3518 512 3566 ad
530 3533 555 3566 se
606 3518 680 3572 idem,
693 3516 726 3565 iii.
738 3515 786 3564 Od.
796 3517 834 3563 la.
844 3519 927 3576 pellere
938 3517 1104 3572 taunucum

47 3590 138 3646 ‚venire
152 3591 231 3656 jubet.
266 3592 376 3640 Conlocat
399 3592 424 3640 li.
444 3592 461 3638 l.
478 3591 556 3656 aptius
607 3591 757 3640 Lucretium
768 3590 865 3640 Gaudet
875 3590 974 3638 invisum
986 3589 1105 3655 pepulisse

54 3675 103 3715 est.
122 3665 189 3713 Lsss.
607 3664 679 3713 fossor
691 3665 737 3713 Ter
752 3664 812 3729 pede
828 3673 913 3712 terram
921 3664 945 3723 3”
962 3665 1049 3728 quibus
1063 3663 1105 3713 tri-

87 3741 147 3789 325.
165 3740 215 3787 Nee
225 3740 301 3802 licea]
321 3740 396 3789 Recte
407 3741 557 3788 Burmannus
606 3738 713 3802 pudium,
724 3747 751 3786 ut
763 3747 787 3786 et
799 3738 822 3785 h.
833 3738 851 3787 l.
861 3738 1012 3787 describitur.
1044 3741 1104 3788 Mors

53 3821 124 3862 notet
149 3813 234 3877 respici
256 3813 351 3863 Tantali
379 3813 492 3869 tabulae,
514 3813 555 3876 qui
607 3813 712 3861 nonnulli
730 3816 803 3874 posito
820 3815 909 3874 cespite,
927 3822 953 3861 ut
971 3828 1052 3878 cespes
1074 3812 1104 3862 de

53 3886 134 3951 epulis
143 3885 240 3935 deorum
252 3886 368 3943 admotus,
377 3903 449 3950 quum
461 3887 492 3934 ibi
503 3896 557 3934 acta
607 3887 722 3935 industria
732 3887 866 3951 subpositus
878 3887 948 3935 luerit
958 3886 1039 3951 capiti·

53 3971 182 4014 messer.
200 3975 297 4023 poeuum
315 3961 420 4010 senserit.
453 3960 492 4008 De
512 3959 556 4007 Idu
638 3962 694 4008 335.
713 3961 816 4008 Dulium
827 3976 874 4008 nou
885 3960 916 4008 ad
928 3960 1039 4023 Priapum
1049 3974 1104 4024 pes·

53 4034 155 4098 ejusque
178 4035 277 4082 uallibus
299 4051 348 4081 ver.
374 4036 417 4092 15,
442 4033 476 4081 iv.
500 4034 555 4080 lea.
607 4033 674 4090 tinet,
685 4034 727 4082 sed
744 4034 795 4081 lnec
813 4043 869 4082 eunt
882 4035 955 4082 verba
972 4031 1052 4080 Ovidii
1068 4031 1105 4078 iu·

57 4106 154 4155 Nestore
171 4106 394 4173 drachmimplexis
409 4107 518 4155 manibus
533 4105 556 4155 in
607 4109 726 4173 resposita.
759 4109 821 4157 Cum
832 4108 908 4157 verbis
917 4110 971 4173 fert
984 4121 1106 4168 aspum»

56 4181 137 4229 osbern
153 4181 257 4240 sultare;
274 4182 393 4237 Horatius,
410 4181 446 4229 II.
458 4180 506 4229 Od.
518 4180 559 4228 xii.
608 4189 655 4229 etc.
666 4182 746 4231 toules
756 4181 772 4230 i.
781 4183 920 4232 raa-429.
