2806 5018
349 372 610 440 PASTORUM
632 371 725 438 ΠΒ.
747 371 813 439 VI.
1033 377 1100 445 att

55 551 175 625 Veste
190 550 279 624 data
296 549 459 647 tegitur:
479 558 582 623 vetat
598 549 693 622 hanc
713 547 880 623 Fortuna
895 551 1034 625 moveri
1047 580 1057 642 ;

109 666 161 740 Et
179 668 233 740 sic
252 691 273 742 e
290 666 433 765 templo
450 677 510 740 est
526 666 609 765 ipsa
625 665 754 739 locuta
771 690 859 741 suo:

60 784 137 857 Ore
154 784 319 857 revelato
338 806 414 879 qua
432 781 592 881 primum
610 782 695 855 luce
713 781 859 879 patebit

111 899 276 987 Servius,
296 899 377 971 baec
396 897 507 996 positi
524 899 646 996 prima
663 897 816 996 pudoris
835 897 917 971 erit.
1031 903 1106 972 620

59 1015 224 1101 Parcite,
243 1026 434 1101 matronae,
452 1014 587 1088 vetitas
606 1012 800 1109 adtingere
817 1022 964 1103 vestes3

111 1132 279 1206 Solemni
298 1132 389 1206 satis
407 1142 467 1206 est
483 1154 574 1206 voce
592 1153 742 1204 movere
759 1153 912 1227 preces:

59 1248 196 1347 Sitque
213 1259 337 1347 caput.
346 1272 494 1347 semper
510 1248 684 1322 Romano
700 1257 824 1321 tectus
842 1246 996 1335 amictu,

111 1363 186 1448 Qui
204 1389 270 1439 rex
288 1366 326 1437 in
344 1375 471 1437 nostra
489 1365 672 1463 septimus
690 1364 782 1437 urbe
799 1362 881 1436 fuit.

56 1481 215 1554 Arserat
231 1482 302 1553 hoc
318 1481 522 1578 templum:
552 1481 659 1577 signo
676 1491 802 1553 tamen
820 1480 883 1553 ille
901 1479 1072 1578 pepercit

112 1595 236 1693 Ignis;
265 1620 376 1694 opem
394 1607 482 1670 nato
501 1596 687 1672 Mulciber
705 1598 787 1696 ipse
804 1596 903 1670 tulit.
1031 1601 1104 1673 626

62 1711 101 1784 N
104 1736 241 1809 amque
258 1723 365 1810 pater
379 1711 479 1785 Tulli
496 1712 699 1800 Vulcanus,
720 1712 878 1786 Ocresia
893 1722 1025 1800 mater,

114 1827 316 1925 Proesignis
333 1826 440 1915 facie,
461 1828 710 1903 Corniculana
726 1828 808 1902 fuit.

62 1941 176 2017 Hanc
191 1968 320 2018 secum
337 1943 536 2041 Tanaquil,
555 1945 670 2018 sacris
688 1943 736 2018 de
754 1968 856 2018 more
874 1945 1026 2041 paratis,

112 2058 137 2132 J
140 2060 235 2132 ussit
252 2060 290 2132 in
305 2070 475 2133 ornatum
493 2059 650 2135 fundere
667 2061 753 2133 vina
768 2059 906 2133 focum.
1033 2064 1108 2134 6³0

98 2300 155 2348 620.
172 2299 275 2347 Positum
288 2302 396 2362 pudorem
407 2298 448 2348 elii
459 2299 563 2349 aServio
611 2301 723 2367 posuerit,
740 2300 844 2365 ligneam
860 2300 912 2365 ejus
927 2307 1040 2358 statuam,
1057 2309 1108 2351 orto

61 2372 211 2436 intelligunt,
230 2389 301 2438 quern
321 2372 423 2421 Ovidius
439 2371 473 2421 sic
492 2379 563 2437 neget
611 2375 730 2433 incendio,
748 2374 839 2423 caeteris
857 2373 965 2422 omuibus
983 2375 1108 2432 absumtis,

61 2460 172 2510 unquam
204 2448 335 2512 positurum
362 2462 414 2495 esse
438 2446 561 2511 pudorem,
611 2449 686 2499 solam
705 2448 817 2498 mansisse
834 2448 965 2512 integram
985 2446 1067 2512 itaque
1084 2459 1109 2498 et

63 2520 108 2569 alii
132 2521 282 2586 profligatum
305 2538 334 2570 ex
359 2522 417 2569 urbe
442 2521 563 2586 pudorem.
612 2539 655 2573 sno
676 2531 780 2587 tempore
801 2521 868 2570 illem
887 2521 988 2570 retinere
1009 2520 1108 2571 lundam

64 2595 144 2642 Immo
152 2599 226 2657 pisam
233 2594 381 2660 intelligenti.
390 2611 438 2660 quo
449 2597 562 2645 teneban·
612 2596 688 2662 operis
695 2595 785 2661 antiqui
795 2595 872 2654 ;adde
880 2594 1000 2643 Valerium
1009 2595 1110 2644 Maxim.

64 2678 104 2716 tur
115 2668 217 2717 Romani
227 2679 320 2734 propter
330 2669 437 2717 Servium
453 2669 525 2734 impie
537 2677 562 2716 et
611 2670 646 2720 iii.
657 2672 681 2718 4.
713 2669 830 2718 Fabulam
843 2667 874 2716 de
887 2667 961 2716 Servii
975 2667 1074 2732 origine,
1084 2670 1111 2718 in

65 2740 156 2791 nefarie
168 2741 324 2800 interfectum,
331 2742 372 2806 qui
384 2743 502 2790 retinebat
513 2757 563 2799 eos,
613 2743 738 2793 annalibus
748 2742 828 2791 latinis
838 2743 924 2791 lectam
939 2757 999 2798 esse,
1009 2749 1109 2791 testatur

65 2828 98 2863 ne
113 2830 140 2863 os
154 2816 206 2880 ejus
219 2815 365 2875 revelarent3
381 2815 401 2863 si
411 2816 563 2873 revelassent,
614 2816 751 2881 Dionysius,
765 2816 797 2864 iv.
811 2817 841 2862 2:
860 2830 912 2863 eam
930 2814 1023 2879 repetiit
1037 2815 1110 2864 etiam

65 2888 183 2954 patuisset
198 2889 312 2954 pudorem
330 2890 398 2938 illum
416 2891 447 2938 ab
466 2889 495 2938 iis
513 2905 564 2938 esse
613 2891 732 2939 Arnobius
748 2889 859 2938 adversus
871 2890 969 2945 Gentes,
980 2905 1003 2938 r.
1013 2905 1038 2953 p.
1052 2891 1108 2939 169.

63 2962 179 3029 positum.
204 2964 234 3011 ln
244 2981 328 3013 movere
337 2980 412 3026 procos
422 2964 489 3012 hesit
499 2965 564 3013 Nea·
615 2967 707 3014 Ocresia
717 2965 747 3012 ab
758 2962 811 3011 aliis
823 2962 911 3012 ocreis
921 2961 1038 3018 scribitur,
1050 2971 1111 3012 utet

65 3036 130 3102 polis
145 3038 203 3102 quia
220 3053 267 3086 non
283 3038 396 3086 credibile
415 3040 446 3086 sit
463 3037 493 3085 ad
511 3039 564 3086 Ser·
615 3038 678 3104 apud
706 3040 802 3087 Grecos
817 3035 935 3102 ὀκρὴσια
961 3044 985 3083 et
1003 3034 1111 3101 ’ospr'ma

64 3109 142 3167 uum,
163 3121 276 3175 tanquam
303 3112 384 3168 deum,
407 3127 489 3175 preces
514 3126 566 3161 esse
615 3115 700 3178 ltaque
716 3111 823 3160 hocloco
837 3108 936 3175 etapnd
951 3108 1112 3159 aliosvmisnt

67 3182 153 3232 factu.
185 3185 335 3233 Burmannus
344 3193 424 3233 mouet
433 3200 502 3249 posse
512 3184 566 3233 illas
615 3187 682 3237 libri:
702 3185 814 3234 Heinsius
824 3200 887 3233 nunc
898 3183 989 3232 Ocresia
999 3184 1112 3247 praetulit,

65 3272 150 3320 preces
159 3257 236 3306 reterri
248 3259 278 3306 ed
287 3259 422 3306 Fortunam.
439 3258 564 3320 Septimus,
616 3262 658 3327 qui
668 3261 703 3309 sic
713 3262 738 3308 iu
753 3259 835 3309 tabula
848 3257 952 3322 quadam
967 3272 1042 3314 mnes,
1053 3258 1112 3307 etin

67 3330 566 3395 nt'tatiosadnumeretmregibnsltomo-
617 3345 695 3386 vetere
706 3349 764 3383 saxo
774 3331 838 3397 apud
849 3333 985 3381 Gruterum,
1013 3330 1112 3396 Pmig.

66 3404 115 3461 nis,
129 3405 193 3468 qnod
209 3405 266 3454 lecit
279 3414 303 3454 et
318 3406 420 3464 Solinus,
431 3406 529 3455 Plurimi
541 3406 566 3456 ii.
616 3409 740 3473 nissocie3
756 3406 827 3455 ctiam
839 3420 854 3453 a
864 3403 979 3468 Dionysio
990 3403 1112 3466 καλλίστη

67 3478 123 3527 cod.
134 3480 221 3543 quibus
237 3479 350 3544 Neapolis
366 3497 429 3536 usus,
440 3489 490 3528 tum
506 3496 567 3529 unus
615 3503 642 3534 τε
659 3483 699 3531 καὶ
716 3478 902 3546 σωφρονεστάτη
917 3482 968 3528 τῶν
981 3476 1010 3527 ἐν
1024 3483 1113 3542 Kepos·

67 3551 158 3600 Moreti
169 3560 195 3600 et
204 3554 300 3602 Fames.
312 3563 393 3602 scotus
415 3555 495 3612 Quum
505 3554 567 3602 Nos·
616 3559 680 3621 ella
692 3559 817 3621 possessio
830 3562 933 3601 vocatur.
957 3552 1112 3611 munium,

67 3634 104 3673 ter
117 3625 181 3673 'l'atii
194 3627 256 3690 regis
270 3627 358 3692 passim
373 3626 515 3676 mentionem
533 3629 567 3676 le·
616 3632 672 3680 urbs
683 3628 755 3684 Latii,
767 3629 836 3692 cujus
846 3625 955 3691 princeps
964 3625 1066 3682 Tullius,
1077 3626 1112 3676 vir

69 3698 138 3756 ecrit,
156 3709 184 3749 ut
201 3716 273 3766 supra
292 3718 340 3751 ver.
356 3703 405 3762 49;
428 3703 446 3751 i.
462 3703 510 3750 262
518 3720 526 3762 3
542 3702 567 3751 ii.
616 3703 674 3769 regii
684 3701 804 3766 anguinis
819 3701 870 3765 qui,
880 3715 953 3764 quum
966 3700 1022 3747 urbs
1036 3701 1112 3750 allo·

74 3775 135 3833 1353
152 3773 235 3826 Amor.
252 3775 273 3822 1.
291 3775 341 3826 viii.
357 3777 398 3825 38.
419 3792 464 3824 non
483 3776 568 3826 mirum
617 3777 693 3827 mauis
703 3783 833 3842 caperetur,
841 3789 949 3840 pugnans
956 3773 1050 3824 cecidit.
1068 3775 1114 3823 Τα-

23 3904 28 3915 ι
69 3848 145 3896 videri
166 3849 246 3908 debet,
262 3849 372 3898 eumdem
392 3859 417 3898 et
435 3865 498 3898 nunc
516 3865 567 3899 esse
617 3853 706 3915 nequit,
723 3859 750 3898 ut
766 3848 837 3912 vulgo
859 3847 961 3903 Etrusci,
979 3846 1114 3896 coelestium

70 3933 230 3972 numentum.
616 3925 775 3991 prodigiorum
793 3920 933 3988 peritissima
953 3921 1050 3980 mulier3
1073 3922 1113 3970 Li·

101 3997 161 4047 626.
172 3998 212 4046 De
223 3998 332 4047 incendio
342 3998 407 4047 illius
417 3997 499 4063 templi
511 4013 567 4046 cou·
617 3999 678 4057 vius,
700 3998 716 4047 i.
735 4000 776 4047 at.
818 3997 942 4053 Ornatam,
965 4005 1114 4060 apparatum.

73 4071 106 4119 ler
121 4071 272 4136 Dionysium,
282 4071 315 4121 iv.
325 4073 364 4119 lo.
375 4071 426 4136 qui,
439 4087 512 4135 quum
526 4071 569 4119 do·
618 4075 676 4121 Erat
686 4070 839 4136 autemfoeus
846 4070 916 4135 juxta
924 4067 1021 4133 regiam,
1031 4069 1056 4117 in
1067 4085 1114 4133 quo

71 4155 142 4202 oeret,
153 4145 262 4194 Servium
272 4145 319 4194 diis
328 4146 400 4194 inisse
413 4160 503 4200 carum,
513 4161 566 4193 uar-
617 4144 720 4193 Romani
726 4160 798 4208 quum
806 4143 854 4192 alis
861 4157 928 4191 sacra
933 4141 1058 4199 iaciebant,
1063 4150 1114 4190 tum

71 4225 115 4274 rat,
135 4218 161 4267 in
183 4220 293 4268 Fortunas
315 4219 412 4285 templo,
433 4218 497 4283 qnod
518 4218 568 4283 ipse
618 4234 739 4269 coensrum
746 4214 1115 4283 psimitimsacrabsntffliouys.
