2806 5018
366 351 419 415 IN
444 351 604 416 OVIDII
628 350 817 416 FASTOS.
1046 352 1112 417 359

62 521 122 604 lip.
136 522 171 590 ii.
184 522 253 600 at.)
267 523 298 585 ei
313 523 433 608 objicit,
446 524 477 588 in
493 524 583 590 fastis
599 526 640 589 ad
657 525 848 609 Lupercalia
861 524 998 590 adscribi
1007 524 1112 608 jusse-

62 634 133 694 rat:
156 624 199 688 ,0.
216 625 351 701 Cosmi,
364 626 519 691 dictatori
529 638 696 712 perpetuo,
711 629 761 692 M.
773 629 948 697 Antonium
961 627 1113 695 aemulan

58 727 177 810 populi
186 729 293 810 jussu,
309 751 438 815 regnum
459 729 615 804 detulisse,
636 731 794 796 Cesaram
813 732 863 794 oti
882 730 1035 803 noluisse,·
1058 731 1114 814 qui

64 828 156 902 lacus
177 852 272 913 reque
292 854 332 896 ac
352 831 422 896 cio.
436 834 479 897 ad
501 834 638 899 Brutum
658 835 718 900 15:
751 835 861 918 “Ego
884 834 987 899 Decio
1008 833 1112 901 Bruto

63 929 212 1013 liberato,
232 956 332 1017 quum
354 934 535 998 laetissimus
558 936 610 999 ille
633 936 753 999 civitati
777 936 845 999 dies
867 935 1036 1010 illuxisset,
1056 937 1113 1000 de·

60 1033 165 1110 erari,
179 1044 216 1099 ut
227 1035 262 1105 in
278 1034 367 1100 lastis
381 1037 421 1100 ad
435 1058 511 1103 eum
528 1038 613 1100 diem
626 1038 720 1100 Bruti
735 1059 850 1101 nornen
861 1037 1115 1103 adscriberetur''

66 1136 110 1207 ad
126 1134 223 1208 ¹fastos
239 1136 429 1203 kalendares
444 1139 528 1203 haud
545 1140 641 1202 dubie
657 1140 807 1222 pertinet.

111 1238 208 1320 Quod
223 1241 251 1304 si
266 1262 342 1305 vero
357 1242 389 1305 iu
404 1241 473 1305 aliis
488 1243 577 1307 fastis
595 1243 674 1308 alias
689 1263 740 1304 res
755 1248 864 1324 gestas
879 1248 1045 1306 annotatas
1063 1263 1113 1306 re·

63 1341 218 1425 perimus,
229 1343 374 1409 diversas
387 1345 520 1408 diversis
535 1345 739 1428 temporibus,
753 1365 796 1408 ex
811 1342 951 1426 cujusvis
962 1343 1114 1426 temporis

64 1444 250 1511 adulatione
271 1448 447 1529 petendum
469 1456 528 1520 est,
544 1469 617 1530 quae
638 1448 863 1531 imperatorum
885 1445 1061 1529 praesertim
1080 1457 1115 1511 at

64 1544 206 1617 virorum
222 1546 390 1613 illustrium
405 1570 457 1612 res
471 1558 578 1632 gestas
597 1549 643 1615 ita
660 1548 820 1611 memoriae
834 1548 987 1611 mandare
1002 1548 1113 1615 voluit.

64 1644 121 1719 Ita
140 1648 172 1710 in
192 1649 293 1724 fastis,
310 1671 390 1732 quos
411 1660 488 1719 actas
509 1651 598 1714 nobis
618 1652 758 1717 servavit
776 1649 965 1733 plerumque
987 1671 1029 1714 ex
1044 1648 1114 1714 Am

63 1749 152 1832 gusti
175 1759 209 1813 et
230 1751 349 1815 Tiberii
372 1762 525 1835 tempore,
549 1752 659 1818 borum
688 1752 793 1826 tituli,
829 1752 888 1815 sub
915 1752 1114 1836 sequioribus

67 1850 329 1936 Imperatoribus,
346 1856 487 1940 ejusqui
507 1865 582 1919 tuno
600 1855 767 1939 imperium
787 1855 927 1928 tenebat,
944 1876 995 1922 res
1010 1864 1112 1940 gestae

65 1953 155 2017 seriis
174 1955 343 2020 celebratae
365 1967 448 2033 sunt,
466 1958 649 2041 exstirpatis
671 1965 767 2020 antes
785 1957 833 2031 iis,
850 1978 923 2039 quoe
944 1958 1004 2021 sub
1023 1966 1112 2022 ante·

66 2058 245 2120 cessoribus
269 2058 396 2123 fuerant
420 2069 580 2125 annotata.
625 2060 705 2123 Post
728 2059 862 2124 bonores
886 2060 992 2143 gentis
1014 2059 1111 2124 Juliae

66 2159 107 2221 ab
135 2159 252 2223 Ouidio
276 2162 372 2227 etiam
396 2163 582 2237 celebratos,
604 2164 687 2239 vide,
709 2184 782 2247 quae
807 2162 897 2227 Fasti
922 2162 1115 2227 Praenestini

65 2260 98 2322 in
122 2262 266 2343 ejusdem
288 2265 392 2348 gentis
410 2264 537 2329 laudem
554 2273 707 2328 annotant
724 2266 764 2328 ad
779 2263 925 2328 Januarii
946 2264 1014 2327 dies
1031 2265 1063 2339 7,
1080 2265 1112 2329 8.

65 2364 266 2434 16‚17.29:
290 2365 482 2437 Amiternini
503 2370 544 2432 ad
559 2367 700 2452 Augusti
723 2367 792 2431 dies
812 2366 948 2441 1‚2.9;
972 2367 1064 2452 Sept.
1082 2369 1114 2433 1.

61 2476 105 2541 93
131 2466 207 2531 Oct.
222 2468 274 2541 12,
292 2479 354 2533 etc.
400 2470 444 2532 Et
465 2492 563 2553 quum
584 2492 628 2533 ex
648 2470 830 2554 sequicrum
846 2468 1036 2553 Imperator,
1052 2470 1114 2537 fas·

66 2569 107 2630 tis
133 2570 220 2632 nulla
243 2580 372 2635 exstent
395 2571 583 2656 fragmenta,
600 2572 685 2635 idern
709 2571 870 2635 tamenin
895 2571 1004 2636 ultimo
1028 2577 1114 2658 quod

66 2678 176 2734 exstat
201 2669 399 2737 Constantini
422 2672 533 2758 Magni
555 2673 752 2738 Kalendario
773 2672 898 2752 (Graev.
917 2673 1014 2739 Thes.
1038 2684 1115 2742 tom.

66 2775 132 2838 viii.
149 2797 180 2858 p.
196 2775 263 2854 97.)
284 2776 391 2848 babes,
410 2777 473 2851 ubi,
491 2785 528 2840 ut
549 2785 644 2840 antea
659 2776 801 2862 Augusti
817 2778 1014 2860 Tiberiique,
1030 2802 1114 2844 nunc

67 2876 282 2953 Constantini,
299 2876 477 2942 Constantii
497 2877 694 2963 aliorumque
709 2901 760 2942 res
774 2879 900 2942 fortiter
919 2890 1020 2964 gestae
1040 2883 1114 2945 titu-

66 2978 105 3043 lis
120 2978 333 3043 celebrantur.

110 3080 180 3144 Sed
207 3089 329 3146 tantum
355 3082 395 3146 de
422 3082 469 3144 his
495 3081 586 3145 lastis
612 3081 845 3155 kalendaribus,
871 3103 951 3164 quos
978 3082 1115 3147 Ovidius

66 3184 207 3249 carmine
233 3186 411 3259 exornavit,
434 3195 468 3248 et
492 3187 533 3249 ad
558 3206 638 3269 quos
661 3184 778 3266 saepius
803 3204 969 3247 recurrere
995 3183 1114 3251 licebit.

68 3286 158 3367 Quid
183 3288 312 3376 antemi
345 3289 431 3372 quod
457 3289 573 3371 passim
598 3289 637 3350 ab
663 3286 901 3370 interpretibus,
928 3286 1028 3349 multo
1053 3286 1116 3350 alia

67 3410 141 3453 cum
171 3409 218 3463 re,
244 3389 334 3453 fastis
360 3390 493 3465 scilieet,
521 3412 579 3453 seu
604 3389 779 3462 annalibus,
807 3410 880 3471 quar
909 3387 1046 3451 historiar
1073 3388 1113 3452 ad

65 3493 166 3557 instar
185 3491 293 3575 primis
313 3495 508 3576 temporibus
528 3494 631 3567 suere,
648 3499 892 3565 commutantur,
911 3513 1010 3575 quare
1029 3513 1114 3556 erro·

66 3595 109 3657 ris
125 3595 247 3657 vitandi
263 3616 360 3658 cansa
374 3596 415 3658 de
431 3595 479 3659 his
496 3596 591 3662 ctiam
607 3595 717 3678 paucis
731 3594 905 3716 videupum
924 3602 984 3656 est.

204 3771 236 3835 2.
260 3773 355 3836 Fasti
368 3773 522 3848 historici,
537 3774 701 3855 (Annales,
719 3773 757 3837 F.
774 3772 978 3849 consulares.)

110 3947 289 4012 Commune
311 3969 425 4012 nomen
448 3949 522 4012 inde
547 3947 631 4013 haud
655 3949 752 4013 dubie
777 3949 880 4020 fluxit,
903 3949 988 4032 quod
1012 3949 1045 4012 in
1068 3949 1115 4014 bis

65 4051 176 4134 primis
193 4050 330 4113 historiar
346 4051 441 4114 initiis
457 4050 589 4135 singulis
604 4051 694 4114 annis
712 4073 763 4114 res
778 4058 879 4135 gestas
896 4050 947 4113 vel
962 4051 1115 4134 quicquid

65 4153 221 4217 memoria
244 4151 374 4236 dignum
392 4153 608 4236 judicabatur,
625 4154 664 4216 ad
689 4153 830 4216 ordinem
854 4152 988 4226 dierum,
1006 4151 1060 4234 qui
1081 4151 1113 4215 in
