2806 5018
360 361 622 428 FASTORUM
647 360 738 425 LlB.
754 359 802 426 II.
1062 360 1106 424 79

55 541 239 636 Dumque
257 538 474 610 sacerdotes
490 537 654 609 verubus
672 544 842 609 transuta
859 533 1013 630 salignis

108 654 210 727 Exta
227 663 372 751 parant,
391 652 535 724 medias
553 651 632 724 sole
651 660 802 724 tenente
820 649 911 735 vias,

57 769 247 842 Romulus
266 778 305 841 et
321 767 447 851 frater,
466 766 742 864 pastoralisque
755 767 936 861 juventus
1033 771 1106 841 365

111 884 264 957 Solibus
284 894 323 956 et
340 906 475 979 campo
493 906 651 980 corpora
668 882 770 954 nuda
787 882 941 955 dabant.

57 999 282 1096 [caestibus
302 1008 341 1071 et
353 998 504 1095 jaculis,
524 1007 563 1070 et
581 995 685 1069 missi
703 997 869 1093 pondere
888 999 970 1071 saxi

111 1115 275 1188 Brachia
292 1139 360 1213 per
376 1115 482 1187 lusus
501 1111 731 1210 experienda
748 1112 923 1204 dabant]

60 1230 197 1303 Pastor
215 1232 263 1303 ab
282 1231 448 1316 excelso,
468 1229 543 1304 Per
560 1230 670 1303 devia
687 1253 773 1302 rura
784 1230 981 1325 juvencos,

113 1345 289 1433 Romule,
309 1346 517 1444 praedones,
537 1345 653 1443 eripe,
673 1344 782 1431 dixit,
801 1357 928 1440 agunt.
1034 1354 1108 1424 370

61 1458 235 1556 Longum
253 1472 335 1535 erat
353 1461 509 1535 armari:
537 1461 693 1535 diversis
711 1460 792 1534 exit
810 1471 970 1557 uterque
1199 1449 1201 1453 ’

113 1576 312 1650 Partibus:
341 1600 498 1651 accursu
517 1577 644 1675 praeda
660 1587 815 1673 recepta
833 1576 958 1650 Remi.

12 1787 17 1800 Ι
65 1690 119 1764 Ut
136 1692 258 1779 rediit,
277 1694 440 1766 verubus
458 1693 656 1766 stridentia
672 1692 838 1766 detrahit
855 1704 956 1778 exta,

115 1805 241 1904 Atque
260 1808 332 1882 ait:
355 1806 457 1881 'Haec
475 1819 578 1881 certe
596 1832 670 1880 non
690 1808 760 1880 nisi
779 1806 897 1880 victor
914 1807 1015 1881 edet.

64 1920 179 1995 Dicta
194 1922 297 2008 facit,
314 1922 496 2020 Fabiique
514 1922 647 1995 simul:
668 1921 769 1994 venit
786 1921 914 1994 irritus>
929 1923 1019 1996 illuc
1034 1929 1107 2000 375

116 2036 315 2125 Romulus,
335 2049 375 2112 et
391 2062 541 2113 mensas
559 2061 722 2134 ossaque
741 2036 843 2109 nuda
860 2037 973 2110 videt.

63 2286 153 2324 tremus
166 2275 239 2325 Panis
249 2292 291 2341 pes
300 2280 369 2324 imum
379 2294 451 2325 cornu
460 2286 563 2326 vocatur.
612 2274 718 2339 spurium
735 2274 799 2323 haud
817 2274 889 2324 dubie
903 2283 948 2331 est,
960 2284 984 2325 et
996 2293 1025 2326 ex
1042 2296 1112 2345 supe·

64 2350 177 2414 Erigrws,
184 2366 271 2415 nempe
280 2352 350 2398 unius
361 2351 469 2415 capelle.
485 2350 563 2399 Victi·
613 2347 666 2396 riori
678 2349 820 2407 conflatum3
832 2348 897 2412 quod
907 2357 932 2397 et
940 2350 1052 2400 Heinsius
1062 2369 1113 2402 sus·

64 2439 104 2471 ma
115 2439 186 2479 cesa,
197 2422 285 2471 femora
295 2421 374 2472 excisa
384 2433 409 2472 et
419 2439 473 2472 curn
484 2423 564 2472 lmstis
613 2420 706 2487 picatus
716 2432 759 2470 est.
775 2423 861 2484 Itaque
869 2422 937 2471 uncis
947 2422 1041 2483 inclusi,
1049 2428 1112 2491 quod

63 2495 176 2561 imposita
184 2496 255 2560 liguis
265 2498 405 2553 enutriet
412 2497 500 2546 interea
507 2507 564 2546 exta
613 2504 637 2544 et
648 2495 781 2544 Mitscherl.
793 2495 877 2544 iecisse
888 2496 965 2545 rideo.
999 2500 1015 2547 J
1017 2515 1055 2547 am
1065 2500 1114 2549 dis·

64 2570 167 2618 vembus
178 2569 251 2618 inlisa
261 2569 464 2634 torreri‚tostaque
472 2569 564 2618 comedi
615 2577 709 2634 putant,
723 2577 801 2617 utrum
818 2572 886 2631 eripe,
902 2585 932 2617 an
950 2579 979 2625 et,
992 2572 1062 2621 Reme
1078 2573 1113 2623 le·
1201 2568 1204 2572 ⁴

63 2643 182 2692 solebant.
215 2645 302 2692 Postea
317 2643 390 2692 etiarn
406 2643 563 2708 reliquoevic·
615 2642 717 2706 gendum
733 2642 772 2690 sit.
806 2641 870 2690 Illud
884 2642 999 2692 debemus
1014 2646 1113 2698 Heinsio

63 2717 128 2764 timae
140 2727 219 2782 partes
229 2716 253 2765 in
264 2718 339 2766 t'rusta
352 2718 452 2765 concisas
463 2718 565 2766 verubus
615 2715 656 2778 qui
673 2732 701 2763 er
719 2715 832 2764 Arondel.
846 2717 913 2765 Voss.
925 2717 1014 2767 Matar.
1026 2727 1050 2767 et
1067 2737 1113 2771 uuo

64 2788 203 2854 infiguntur,
218 2798 326 2838 assamur
342 2798 366 2838 et
381 2792 475 2852 dapibus
491 2805 564 2854 appo·
615 2789 697 2837 Vatic.
709 2789 807 2854 recepit,
819 2788 873 2838 ideo
884 2789 965 2847 etiam,
978 2794 1035 2856 quia
1046 2797 1114 2858 eripe,

66 2872 165 2911 uuutur.
189 2862 236 2911 Sed
248 2863 272 2910 h.
285 2864 304 2911 l.
315 2862 363 2910 ills
374 2872 453 2927 partes
464 2873 566 2911 extorum
615 2862 649 2911 sic
661 2863 834 2928 interpositum,
846 2863 950 2913 animum
961 2870 1113 2927 consumti,

66 2935 409 2999 uomiueeomprehenduutur.
422 2935 566 2984 Distinetius
616 2936 1114 3006 acpraeseutissimamopemurgentisegre-

66 3008 119 3056 Liv.
129 3008 147 3057 i.
159 3011 183 3057 7.
196 3015 212 3037 “
224 3009 305 3056 Potitii
323 3009 354 3057 ad
370 3016 465 3073 tempus
480 3017 566 3073 prosto
615 3009 654 3074 gie
672 3009 766 3074 prodat.
801 3009 856 3056 Non
874 3009 944 3058 mule.
976 3011 1115 3064 Taubnerus

66 3090 155 3137 aaut,
166 3082 242 3148 iisque
256 3090 312 3131 exta
324 3092 508 3148 apponerentur5
526 3082 566 3130 Pi·
617 3098 672 3130 vero
684 3090 763 3130 tuetur
774 3082 839 3146 vulg.
851 3083 908 3145 quis
918 3091 942 3130 et
954 3083 1047 3148 Remus
1059 3101 1116 3135 avo·

66 3156 211 3211 astituri·
227 3156 314 3214 adesis,
326 3156 356 3204 ed
373 3165 484 3204 ceteram
501 3157 567 3206 rani·
616 3155 683 3211 lavit,
694 3155 792 3219 ejusque
808 3169 908 3202 accursu
924 3154 1005 3218 preda
1020 3169 1116 3224 recepta

67 3230 246 3296 teutdepem.¹'
615 3239 661 3278 est.
689 3228 760 3286 Quod
771 3235 934 3291 argumentum
946 3228 1115 3281 mihinouad·

101 3304 160 3354 366.
181 3304 372 3366 Cmpoeorporu
391 3304 567 3360 sudariolum,
617 3301 712 3351 modum
731 3316 803 3366 gravo
820 3299 920 3349 videtur.
954 3301 1016 3351 Satis
1034 3314 1115 3357 eruta

66 3377 126 3427 nudi
144 3385 213 3426 arunt
228 3377 254 3426 iu
271 3392 363 3442 campo.
396 3377 465 3432 Mox,
482 3379 568 3439 erperi·
617 3384 710 3441 pastora
736 3382 884 3423 constomato
911 3391 984 3424 unum
1009 3381 1115 3431 evocari.

66 3456 129 3502 encta
139 3452 235 3506 dabunt,
243 3450 432 3516 experiebantur.
443 3449 481 3498 Ibi
489 3450 568 3498 l'uub-
617 3449 700 3497 Pastor
710 3456 790 3496 autem
802 3447 842 3496 ille
851 3447 877 3496 in
888 3450 978 3505 mesko,
990 3451 1050 3500 utin
1061 3470 1115 3520 spe.

68 3541 119 3574 uer.
137 3522 237 3589 primam
252 3525 319 3572 verbi
338 3523 456 3572 notionem
474 3538 568 3586 urgeos,
618 3521 822 3578 eula,collooatus
838 3530 897 3571 erat.
930 3525 1006 3588 Agere
1021 3542 1117 3590 pecora,

68 3598 184 3662 explieat,
195 3597 255 3645 alter
271 3595 339 3645 alteri
356 3596 448 3661 copiam
465 3594 569 3644 iaciebat
619 3595 710 3663 proprie
728 3595 758 3644 de
775 3595 924 3660 predonibus
939 3597 982 3646 illa
998 3600 1116 3665 abigenti·

68 3670 208 3738 experiendi
218 3670 323 3720 brachis.
356 3669 570 3720 CustibmHeiusio
618 3669 672 3718 bus.
705 3669 953 3735 Indelormulaagm
966 3675 1117 3740 aquosam,

68 3761 117 3794 noo
133 3745 222 3810 placet,
234 3744 291 3808 quia
305 3753 383 3791 cestus
394 3742 509 3791 Romtuns
524 3757 569 3790 uon
620 3745 690 3808 ἄγειν
707 3744 748 3792 eui
763 3742 851 3808 φέρειν.
887 3744 1004 3802 Partibus,
1017 3748 1116 3813 regioni.

68 3819 159 3866 inusti.
192 3815 570 3881 ItaqueeMSRpraet'ertoerti-
618 3818 671 3866 bus.
704 3818 815 3871 decursu,
827 3815 926 3881 impetu.

69 3895 127 3948 buu
146 3899 217 3938 vectes
233 3888 305 3944 enim,
318 3889 409 3938 seilicet
425 3891 498 3945 tudes,
509 3886 571 3936 mili·
653 3891 709 3940 ³75.
728 3889 812 3938 Folius
822 3898 846 3938 et
858 3889 1001 3944 Quinctilius
1012 3894 1118 3956 profecti

68 3971 198 4014 tareeraut
205 3962 352 4020 exercitium,
362 3963 424 4027 quod
434 3963 493 4011 adeo
502 3970 571 4028 poeta
620 3963 745 4012 comitibus
763 3962 833 4010 Remi
846 3970 871 4011 et
887 3964 983 4012 Romuli
1002 3965 1058 4015 inde
1073 3968 1119 4035 ipsi

68 4039 143 4089 facile
154 4039 185 4087 ad
196 4045 300 4104 pastores
310 4036 363 4085 illos
378 4037 487 4102 antiquos
496 4045 570 4085 trans-
620 4036 718 4085 comites
728 4036 792 4083 Fabii
802 4045 827 4085 et
839 4036 962 4090 Quinctilii
972 4038 1038 4087 dicti.
1055 4042 1118 4093 Vide

64 4115 131 4164 serre
143 4113 228 4177 potuit.
251 4111 426 4161 Cetemmboc
438 4109 571 4159 totumdis·
620 4110 728 4159 Perizon.
763 4109 892 4159 Animadv.
904 4111 969 4160 Hist.
980 4128 1004 4177 p.
1015 4113 1073 4163 201.

68 4187 163 4243 ticlmu,
172 4185 236 4251 quod
249 4194 297 4235 tres
306 4185 362 4235 cod.
371 4201 418 4234 uon
432 4194 571 4249 agnoscunt,
