2806 5018
188 340 254 405 383
483 336 522 400 Ρ.
547 335 709 402 OVlDlI
736 336 947 403 NASONIS

188 510 375 586 Romulus
392 509 628 606 obsequitur,
649 510 848 606 lucemque
868 509 1052 595 Remuria
1067 510 1164 585 dixit
1263 566 1265 573 .

237 625 360 711 Illam,
380 647 457 720 qua
474 625 606 722 positis
619 626 727 722 justa
743 623 914 709 feruntur
930 625 1023 699 aris.
1162 630 1221 698 480

185 742 334 839 Aspera
351 749 496 816 mutata
512 751 572 815 est
588 741 627 815 in
645 742 769 815 lenem
787 751 958 838 tempore
975 742 1090 838 longo

237 855 376 942 Litora,
394 880 480 953 quae
498 867 578 933 toto
595 856 746 930 nomine
765 856 886 954 prima
903 856 985 930 suit.

185 970 281 1048 Mox
298 971 412 1047 etiam
432 970 612 1045 Lemures
629 971 774 1047 animas
793 971 924 1049 dixere
942 973 1149 1058 silentum

235 1086 275 1161 Is
291 1087 395 1161 verbi
414 1111 560 1172 sensus,
580 1087 634 1159 vis
653 1110 699 1161 ea
715 1087 817 1160 vocis
835 1098 927 1161 erat.

184 1204 290 1281 Fano
306 1213 433 1281 tamen
449 1214 594 1278 veteres
613 1202 687 1276 illis
704 1203 874 1277 clausere
892 1202 1053 1292 diebus3
1163 1207 1222 1276 485

235 1319 291 1392 Ut
309 1343 407 1392 nunc
426 1317 531 1393 ferali
547 1329 716 1416 tempore
734 1328 865 1415 operta
881 1317 999 1391 vides.

183 1434 221 1508 N
224 1460 268 1510 eo
287 1435 409 1509 vidua
427 1435 536 1507 taedis
554 1434 700 1519 eadem,
720 1457 790 1507 neo
809 1432 963 1529 virginis
981 1444 1076 1530 apta
1112 1472 1117 1481 ·

233 1549 440 1646 Tempora:
470 1573 556 1646 quae
575 1551 714 1647 nupsit,
735 1574 810 1623 non
827 1549 1008 1622 diuturna
1024 1548 1110 1623 fuit.

183 1662 268 1741 Hac
286 1688 440 1761 quoque
457 1663 505 1737 de
523 1687 652 1749 causa,
671 1664 702 1738 si
720 1675 758 1738 te
776 1664 975 1762 proverbia
990 1675 1166 1761 tangunt,

234 1777 370 1852 Mense
389 1779 506 1853 malas
525 1777 630 1855 Maio
648 1780 789 1852 nubere
807 1779 941 1874 vulgus
959 1780 1027 1854 ait.
1159 1781 1221 1853 490

185 1894 262 1969 Sed
277 1904 404 1971 tamen
418 1893 499 1968 haee
517 1893 589 1968 tria
605 1906 694 1967 sunt
712 1895 782 1968 sub
800 1893 935 1969 eodem
949 1904 1125 1993 tempore
1138 1895 1222 1969 festa

234 2008 338 2083 Inter
354 2033 402 2091 sev
414 2011 516 2085 nullo
534 2009 755 2093 continuata
770 2010 844 2085 die.

182 2124 352 2209 Quorum
370 2125 401 2198 si
420 2125 554 2199 mediis
574 2124 749 2199 Boeotum
769 2125 910 2213 Oriona
927 2149 1101 2223 quoeres3

233 2240 367 2314 Falsus
385 2241 479 2315 eris:
509 2241 605 2337 signi
623 2265 738 2315 causa
754 2241 925 2328 canenda
943 2240 1051 2315 mihi.

181 2353 343 2453 Jupiter,
363 2365 413 2440 et,
433 2355 509 2428 lato
528 2355 593 2452 qui
612 2366 743 2452 regnat
760 2356 799 2426 in
817 2378 981 2452 aequore,
1000 2354 1118 2430 frater
1159 2357 1221 2428 495

233 2467 450 2566 Carpebant
467 2469 601 2554 socias,
622 2469 925 2571 Mercuriusque,
946 2470 1039 2545 vias

213 2784 269 2833 433.
286 2783 393 2832 lamam
403 2783 427 2831 in
439 2783 521 2848 glossis
531 2784 679 2848 explicantur
729 2786 865 2852 Apollodor.
887 2788 909 2835 1.
932 2788 965 2836 ir.
986 2790 1017 2848 ³;
1043 2789 1177 2855 Paloepbat.
1193 2791 1220 2844 5:

179 2859 317 2921 νυκτερινοὶ
337 2856 457 2922 δαίμονες.
498 2858 565 2908 Fons
585 2861 679 2909 claude·
728 2861 846 2924 Hyginus,
863 2861 911 2909 lab.
926 2862 985 2921 195,
1005 2862 1076 2910 Post.
1091 2863 1188 2911 Astron.
1198 2861 1222 2909 ii.

179 2933 265 2980 matur
282 2930 405 2981 Feralibus
422 2947 535 2996 quoque,
556 2932 679 2982 conlerir.
728 2934 964 2999 metuantque
997 2935 1042 2984 Far
1061 2943 1144 2984 autem
1161 2936 1224 2984 oro·

179 3004 236 3054 563.
727 3024 798 3073 prope
814 3007 876 3056 viam
893 3007 996 3056 lacteam
1013 3008 1081 3057 sidus
1099 3009 1223 3074 egregium.

210 3076 677 3142 487.Hicquoquemos1.emuriiset
726 3096 765 3130 cur
759 3080 846 3129 hodie
858 3082 898 3130 73
908 3081 983 3129 atella
995 3082 1142 3130 tribuuntur

177 3153 299 3202 Feralibus
309 3168 456 3213 communis
472 3152 498 3200 ii
510 3154 566 3202 557.
597 3153 676 3202 Etiam
767 3154 870 3204 Boeotom
893 3153 957 3210 dedi,
978 3171 1027 3203 non
1049 3155 1155 3213 Boeotorr,
1173 3154 1223 3220 qnia

178 3225 328 3282 Plutarchus,
347 3227 440 3283 Queat.
458 3226 562 3275 Roman.
580 3242 603 3290 p.
623 3228 676 3274 147.
726 3243 806 3276 omnes
816 3228 864 3277 fera
874 3228 1127 3279 MSSmiosxbibant.
1142 3230 1223 3278 Oriun-

177 3299 226 3349 vol.
238 3299 279 3347 vii.
290 3309 378 3352 narrat.
395 3315 475 3348 mense
492 3299 559 3348 Maio
576 3315 622 3347 non
640 3300 675 3348 la·
726 3301 770 3350 dus
782 3312 860 3350 autem
869 3313 920 3352 erat
928 3303 1049 3366 Tanagra,
1056 3303 1147 3368 oppido
1157 3305 1222 3352 Βαο-

177 3373 223 3422 eile
232 3373 380 3422 matrimonia
390 3373 506 3429 contrahi,
516 3373 559 3421 aed
570 3373 594 3420 in
604 3373 619 3421 J
622 3373 674 3420 uni·
726 3375 783 3434 tira;
800 3375 907 3439 Palaeph.
923 3375 970 3424 Sed
981 3375 1102 3424 Pindarus
1116 3376 1142 3424 in
1152 3375 1222 3439 dithy-

177 3462 217 3494 um
229 3445 331 3504 differri5
350 3447 448 3510 ejusque
459 3446 491 3494 rei
503 3462 587 3494 causas
598 3446 675 3510 plures
725 3449 813 3496 rambis
830 3461 922 3512 patrem
944 3448 997 3512 ejus
1014 3448 1106 3497 Chium
1125 3450 1222 3504 lenanu

176 3519 261 3575 adfert,
272 3519 343 3568 stiam
355 3519 426 3574 bano,
436 3518 499 3583 quod
511 3529 566 3567 tunc
578 3519 675 3567 mortuis
724 3521 903 3570 Aristomachus
925 3522 1084 3583 Thebanum
1111 3522 1222 3588 Hygiam

176 3600 311 3658 parentent.
328 3593 397 3641 Idem
407 3608 462 3658 pag.
476 3594 529 3641 161.
540 3601 621 3642 auctor
631 3602 676 3649 ost,
725 3593 750 3642 ii.
764 3596 804 3642 26.
840 3595 933 3642 Falsum
953 3611 1006 3650 osse,
1022 3609 1118 3653 arram
1135 3596 1220 3645 Terent.

176 3664 280 3731 publicis
286 3665 351 3714 seriis
358 3669 458 3731 virgines
470 3683 515 3715 non
527 3668 623 3723 nubere,
633 3668 675 3715 sed
726 3668 787 3716 Eun.
805 3669 839 3716 ΙΙ.
856 3668 881 3716 ii.
893 3671 939 3717 4³:
957 3678 985 3716 at
993 3669 1076 3734 falam
1092 3673 1166 3719 asini
1180 3667 1222 3717 ast!

176 3741 266 3787 viduos.
300 3738 353 3785 Non
369 3742 482 3789 diuturno
491 3742 555 3805 sirit,
570 3755 616 3788 non
633 3739 674 3789 diu
726 3741 777 3790 Hoc
795 3741 848 3790 loco
864 3757 910 3790 non
927 3742 1033 3790 iuvenire
1051 3743 1116 3808 qnod
1134 3742 1220 3808 quari&

175 3811 244 3862 visit.
277 3809 516 3869 lntsrasnullo,eto.
550 3813 674 3863 Consentis
724 3815 818 3877 Jupiter
832 3825 857 3864 et
869 3817 1002 3865 Mercurius
1015 3817 1105 3882 sapius
1118 3815 1217 3867 antula·

176 3884 281 3935 Kalend.
292 3894 367 3934 vatus.
724 3889 782 3936 bant
794 3906 840 3936 nnn
851 3889 875 3936 in
887 3890 967 3949 terris,
979 3906 1042 3939 nunc
1054 3891 1157 3941 sesessit
1165 3891 1219 3951 Ner

207 3961 345 4009 493-544.
365 3961 397 4008 V.
416 3959 472 4008 Idus
491 3961 561 4008 Orion
583 3963 673 4009 occidit.
724 3964 1217 4031 tunm,quenrtamenaliiapudliyginnm

175 4033 222 4085 Hic
234 4033 329 4082 Orionis
339 4034 469 4097 pmoreatio
483 4043 508 4082 et
518 4034 601 4082 relatio
612 4035 672 4084 inter
722 4037 748 4083 ii.
766 4039 807 4084 ³4.
824 4037 961 4093 omiserunt,
978 4046 1003 4086 at
1021 4040 1063 4088 oui
1079 4038 1176 4088 Tatnos
1189 4035 1214 4085 ad

173 4108 252 4161 sidera
268 4116 384 4157 narratur.
417 4108 532 4157 Fabulam
550 4108 610 4156 hanc
628 4109 669 4157 ab·
723 4110 839 4176 Lycopbr.
860 4111 979 4162 Cassand.
1002 4114 1062 4162 333.
1086 4114 1214 4178 spoltino

174 4183 268 4234 surdam
291 4192 316 4231 et
336 4183 472 4233 obsooenarn
493 4183 581 4234 habant
599 4185 670 4232 etiam
721 4185 851 4235 substituit.
