2806 5018
355 341 615 419 unsrunutu
639 354 730 420 nin.
756 353 818 418 vr.
1038 358 1103 422 ars
1167 382 1171 394 ,

59 526 126 601 Sic
144 527 265 624 agitur
282 554 453 616 censura,
472 540 511 603 et
528 529 581 601 sic
601 529 778 627 exempla
794 540 984 627 parantur,

110 642 237 727 Quum
253 645 404 732 vindex,
424 646 514 719 alios
534 644 635 741 quod
654 656 792 729 monet,
812 645 893 743 ipse
911 646 1013 720 facit.

59 757 178 833 Nulla
194 773 283 834 nota
300 773 370 847 est,
389 761 561 834 veniente
579 759 640 832 die
659 783 773 856 quarn
792 760 917 834 dicere
936 762 1078 861 possis:

108 874 241 950 Idibus
260 877 396 950 invicto
414 888 502 950 sunt
519 878 607 951 data
625 878 766 975 templa
782 877 879 950 Jovi.
1036 884 1109 954 650

59 990 111 1067 Et
123 994 203 1089 jam
223 992 481 1091 Quinquatrus
494 994 630 1091 jubeor
648 1017 796 1067 narrare
815 994 976 1068 minores

109 1108 221 1200 Nune
239 1111 329 1184 ades
347 1112 388 1183 d!
416 1111 562 1208 coeptis,
582 1111 676 1182 flava
695 1109 877 1197 Minerva,
897 1111 1003 1184 meis

58 1225 139 1299 Cur
155 1250 270 1321 vagus
289 1227 430 1300 incedit
447 1237 526 1299 tota
544 1226 682 1299 tibicen
701 1225 738 1296 in
757 1225 873 1298 urbe?

110 1339 212 1424 Quid
230 1342 300 1415 sibi
318 1365 500 1440 personae,
520 1340 611 1438 quid
630 1341 726 1413 stola
743 1342 865 1436 longa,
885 1342 1038 1414 volunt?

58 1457 126 1530 Sic
145 1482 237 1554 eg0;
266 1459 321 1532 sic
341 1458 462 1558 posita
479 1457 645 1531 Tritonia
662 1457 820 1555 cuspide
837 1456 953 1547 dixit3
1033 1462 1105 1533 655

110 1571 212 1648 Pace
229 1575 339 1648 velim
356 1575 477 1676 doctae
494 1574 608 1648 verba
626 1574 761 1647 referre
778 1574 879 1648 deae:

56 1686 310 1787 Temporibus
326 1702 494 1764 veterum
514 1690 679 1763 tibicinis
698 1716 787 1765 usus
806 1715 957 1764 avorum

110 1804 287 1902 MagnuS,
306 1817 345 1881 et
362 1807 400 1879 in
419 1831 554 1903 magno
573 1830 721 1904 semper
739 1808 878 1881 honore
895 1807 979 1880 fuit.

92 1991 151 2039 649.
177 1990 223 2039 Die
240 1995 348 2054 apsenti,
369 1991 394 2039 in
415 1981 560 2041 Karendario
609 1988 746 2039 mulieribus
754 1991 855 2057 propria,
863 1998 887 2039 et
897 1991 923 2038 in
934 1990 1025 2041 theatro
1035 1993 1107 2042 etiam

56 2065 128 2114 nullo
145 2073 210 2120 nota,
226 2064 286 2112 nihil
306 2073 413 2113 notatum
432 2074 479 2122 est,
496 2064 559 2129 quod
609 2063 758 2124 tibicinibus;
774 2065 835 2113 Met.
845 2063 878 2112 xi.
891 2065 937 2113 165
947 2080 993 2129 sqq
999 2083 1006 2125 ς
1023 2066 1108 2115 Horat.

55 2140 143 2194 duero,
154 2138 258 2187 carmine
268 2154 388 2196 enarrare,
399 2139 483 2204 possis.
608 2138 663 2186 Art.
682 2138 750 2188 Poet.
769 2141 827 2188 215.
865 2139 902 2186 De
922 2142 1014 2202 cuspide
1033 2145 1107 2204 posito

92 2213 150 2262 65⁰.
166 2211 246 2261 Idibus
256 2212 335 2261 Juniis
351 2222 376 2261 et
386 2213 439 2262 Jovr'
451 2216 508 2262 edet
522 2215 561 2261 dr·
609 2210 644 2260 iii.
657 2213 680 2261 7.
1135 2217 1136 2220 ’

56 2289 147 2341 diruto,
167 2292 192 2334 et
212 2287 371 2349 Quinquatrus
389 2288 484 2335 minores
503 2287 560 2335 cele·
642 2287 699 2336 658.
720 2287 800 2335 Honor
818 2287 859 2337 ille
881 2288 926 2337 luit
946 2304 976 2337 ex
1000 2288 1106 2338 instituto

55 2365 166 2411 bruatur.
200 2362 318 2418 Quoniam
330 2360 392 2409 Jouir
402 2364 483 2410 inuicti
500 2370 560 2410 tem·
610 2360 695 2409 Numae
717 2362 835 2426 religionis
856 2379 941 2425 causa5
965 2364 1109 2413 Plutarchus

56 2434 128 2502 plum
138 2434 228 2483 nullum
239 2450 253 2482 a
264 2434 383 2482 veteribus
392 2451 559 2484 commemora·
608 2436 672 2484 dicto
690 2437 757 2485 loco:
779 2437 850 2486 Anno
866 2440 899 2487 U.
911 2439 942 2487 C.
952 2439 1010 2486 113.
1023 2445 1039 2466 “
1052 2439 1106 2488 tibi·

58 2518 109 2566 tur,
119 2519 243 2575 propterea
267 2509 368 2573 Neapol.
379 2516 467 2565 monet,
477 2512 561 2558 inuicto
608 2508 681 2566 ciues,
692 2509 733 2573 qui
745 2509 857 2574 prohibiti
870 2526 885 2558 a
896 2509 1008 2576 proximis
1023 2526 1105 2560 censo-

58 2598 127 2633 11666
138 2597 189 2632 esse
199 2582 330 2646 epitheton,
343 2598 389 2631 non
400 2598 539 2647 cognomen.
608 2583 673 2631 ribus
689 2594 756 2631 erant
771 2583 796 2631 iu
813 2583 864 2632 aede
879 2583 947 2635 Joris
962 2585 1034 2642 vesci,
1044 2585 1108 2650 quod

91 2657 151 2708 651.
176 2656 215 2704 Ι)6
235 2658 416 2720 Quinquatribus
435 2657 561 2721 majoribus
609 2656 720 2706 traditum
739 2656 870 2722 antiquitus
885 2669 944 2715 erat,
959 2675 1021 2723 tegre
1036 2660 1108 2723 passi,

56 2730 116 2781 virle
126 2729 161 2778 iii.
169 2731 231 2789 ⁸09;
247 2729 278 2778 de
288 2729 325 2778 his
336 2729 465 2778 minoribus
476 2730 559 2787 Varro,
608 2730 681 2779 Tibur
692 2747 740 2779 una
752 2732 845 2798 agmine
857 2732 993 2781 abierunt.''
1027 2733 1108 2782 livius

56 2805 90 2854 de
105 2803 178 2868 Ling.
192 2804 249 2852 Lat.
266 2803 309 2852 lib.
322 2821 349 2852 s:
369 2803 559 2868 “Quinquatrus
609 2804 673 2853 dicto
698 2805 760 2853 loco.
795 2805 929 2854 Secundum
954 2806 1108 2855 Plutarchum

56 2877 199 2928 minuscule
210 2877 280 2926 diotre
290 2877 369 2927 Juniae
381 2877 439 2926 Idus
453 2879 483 2926 ab
494 2877 557 2927 simi·
609 2878 673 2927 dicto
688 2879 749 2936 loco,
764 2879 850 2928 honore
867 2897 909 2928 suo
924 2879 1009 2945 privati
1026 2890 1109 2930 sunta

55 2951 161 3001 litudirre
171 2951 293 3016 majorum,
305 2951 369 3016 quod
385 2951 494 3001 tibicines
509 2962 559 3001 tum
610 2951 708 3000 tribunis
719 2951 819 3000 rnilitum
831 2968 895 3001 cons.
903 2963 1027 3017 potestate,
1035 2970 1108 3018 penes

55 3025 138 3076 feriati
153 3041 196 3090 per
208 3026 291 3073 urbem
302 3035 425 3090 vagantur,
437 3034 461 3074 et
475 3042 559 3075 conve·
610 3040 668 3087 quos
679 3025 801 3089 imperium
809 3036 860 3073 erat
867 3025 922 3074 inde
934 3026 1033 3075 abanno
1041 3029 1071 3076 U.
1079 3028 1107 3076 C.

57 3102 130 3150 niunt
147 3099 178 3149 ad
195 3099 270 3148 edem
287 3100 428 3148 11Ιί1161116.υ
461 3101 557 3149 Festus:
609 3100 666 3145 310.
699 3099 803 3163 Scriptor
823 3099 854 3147 de
874 3100 938 3148 Viris
957 3100 1047 3148 lllustr.
1066 3103 1107 3149 31.

56 3182 74 3204 ⁶¹
83 3171 228 3223 Minusculae
237 3172 399 3237 Quinquatrus
408 3173 560 3238 appellaban-
610 3188 683 3220 unum
700 3173 805 3237 Appium
824 3173 951 3222 Claudium
968 3175 1109 3239 “epulandi

57 3259 98 3298 tur
117 3247 175 3295 Idus
190 3246 279 3302 Juniae,
300 3246 363 3311 quod
382 3247 401 3295 is
420 3246 470 3295 dies
488 3248 561 3296 festus
611 3245 801 3310 decantandique
812 3248 852 3312 jus
862 3246 998 3296 tibicinibus
1007 3248 1109 3298 adamis

59 3330 113 3370 ruat
131 3318 265 3377 tibicinum,
284 3320 325 3384 qui
344 3321 478 3370 Minervam
496 3320 559 3370 cole·
610 3320 651 3368 se’'
668 3321 748 3368 refert.
783 3322 821 3370 De
843 3321 918 3369 altera
938 3337 1018 3378 causa,
1036 3338 1108 3386 quam

59 3393 146 3444 bant.”
158 3390 161 3395 ’
421 3447 422 3450 ¹
611 3396 696 3443 Noster
706 3395 790 3452 adfert,
802 3395 872 3444 silent
886 3395 964 3444 ceteri
975 3397 1109 3460 scriptores.

94 3468 235 3518 653-693.
252 3468 311 3517 Haec
326 3468 356 3516 de
374 3468 497 3517 tibicinum
513 3468 559 3517 dis·
610 3469 667 3517 Erat
677 3470 715 3517 lex
729 3469 827 3535 antiqua
837 3470 867 3518 de
876 3469 1010 3519 funeribus:
1030 3472 1109 3520 “Tria

60 3557 130 3591 cerru
141 3550 167 3590 et
177 3541 253 3590 reditu
264 3541 370 3590 similiter
386 3542 456 3589 refert
466 3543 559 3590 Plutar·
610 3541 630 3589 si
648 3542 711 3591 volet
729 3543 821 3599 ricinia,
838 3554 862 3592 et
878 3543 974 3592 vincula
992 3561 1110 3610 purpure,

61 3615 130 3672 chus,
142 3616 235 3673 Quaest.
245 3615 348 3665 Roman
359 3632 382 3680 p.
398 3617 451 3664 122.
485 3615 561 3665 Paulo
611 3625 636 3664 et
657 3615 740 3665 decern
762 3617 879 3673 tibicines,
900 3618 1041 3666 adhibeto.''
1076 3620 1111 3670 Ea

62 3688 132 3739 aliter
150 3688 235 3739 Livius
254 3689 287 3737 ix.
308 3691 347 3738 30.
366 3690 390 3737 in
409 3691 479 3741 rebus
500 3706 561 3739 anuo
612 3689 725 3737 translata
739 3700 774 3738 est
788 3690 811 3738 in
827 3690 983 3740 xii.Tabulas
995 3707 1048 3741 curn
1065 3693 1110 3743 hoc

62 3764 94 3813 U.
105 3764 137 3814 C.
147 3765 204 3812 413.
219 3764 299 3828 gestis,
314 3774 338 3814 et
354 3764 464 3813 Valerius
482 3765 561 3813 Maxi·
612 3763 788 3812 additamento:
808 3770 824 3792 ‘⁴
836 3764 889 3813 Hoc
900 3765 954 3829 plus
964 3780 994 3813 ne
1005 3764 1077 3815 facito
1087 3768 1112 3826 ς’·

62 3854 124 3895 mus,
135 3838 161 3886 ii.
172 3841 196 3887 5.
232 3838 307 3903 Vagus
324 3841 425 3895 incedit‚·
445 3849 468 3887 et
486 3839 561 3887 Varro
612 3837 710 3887 Verrius
719 3839 784 3887 Flac.
793 3838 819 3886 in
829 3855 881 3887 roc.
892 3841 1021 3896 recinium,
1033 3848 1058 3887 et
1067 3841 1109 3889 Ci-

61 3921 85 3961 et
97 3912 179 3961 Liuius
190 3911 286 3969 habent,
297 3931 337 3975 per
347 3915 423 3961 urbem
433 3923 559 3979 vagantur.
610 3929 672 3969 cero,
679 3915 755 3978 Legg.
765 3912 789 3962 ii.
799 3915 839 3962 23.
872 3915 931 3962 Eam
939 3915 1024 3978 legem,
1036 3929 1109 3977 quum

95 3986 160 4034 Stolo
182 3986 270 4050 louge]
295 3987 439 4035 Plutarchus
455 3986 562 4046 ἐσθῆτας
611 3987 673 4037 male
689 3989 863 4043 observaretur,
876 3990 949 4036 udilir
963 3986 1062 4052 quidum
1075 4004 1110 4037 re-

63 4059 206 4123 γυναυεείας
215 4059 296 4116 habet,
307 4068 331 4108 et
342 4062 413 4125 paulo
424 4070 477 4125 post
487 4060 515 4109 lv
525 4060 562 4108 lo·
612 4077 707 4110 vocasse
724 4069 748 4110 et
762 4050 841 4110 ἔξω
857 4061 989 4109 exercuisse
1003 4059 1109 4108 videtur:

62 4134 140 4192 θῆσιν
151 4132 267 4192 ἀνθιναῖς
278 4136 319 4183 καὶ
327 4135 483 4199 γυναικείαις.
510 4136 563 4183 Me·
613 4134 676 4183 hunc
687 4135 780 4184 aedilem
791 4135 862 4183 tuine
870 4132 1110 4198 AppiumClaudium

62 4206 108 4256 lius
125 4208 198 4274 igitur
213 4206 258 4256 hoc
272 4208 326 4258 loco
337 4209 409 4260 vestis
423 4219 565 4259 memoratur
614 4210 715 4259 aunoU.
725 4209 753 4258 C.
761 4210 817 4256 440.
824 4216 904 4258 censet
915 4205 1020 4270 Pighius.
1043 4207 1109 4255 Poro·
