2806 5018
365 375 625 445 FASTORUM
650 379 740 444 LIB.
765 382 810 446 ΙΙ.
1067 385 1111 448 75

60 545 202 620 Nullus
219 550 422 624 anhelabat
437 552 509 625 sub
527 553 674 626 adunco
691 576 839 627 vomere
858 564 1002 628 taurus:
1031 559 1106 629 295

113 660 232 737 Nulla
246 665 319 738 sub
335 665 493 763 imperio
509 678 611 740 terra
626 667 786 740 colentis
805 681 905 743 erat:

61 773 200 850 Nullus
213 779 338 853 adhuc
356 790 438 854 erat
454 804 545 853 usus
561 781 672 877 equi3
703 805 744 854 se
762 783 926 880 quisque
938 781 1103 857 serebat:

113 887 200 965 Ibat
216 892 295 967 ovis
313 894 400 968 lana
416 917 553 992 corpus
571 894 708 974 amicta
725 920 814 969 sua:

63 1003 145 1077 Sub
162 1004 257 1082 Jove
273 1008 472 1097 durabant,
492 1021 531 1084 et
548 1033 704 1108 corpora
721 1015 823 1085 nuda
840 1014 1032 1109 gerebant,

115 1119 240 1195 Docta
254 1147 387 1220 graves
404 1125 543 1198 imbres
561 1137 600 1199 et
616 1126 774 1200 tolerare
794 1126 928 1201 Notos.
1035 1133 1110 1201 300

64 1233 176 1310 Nunc
190 1262 343 1337 quoque
361 1239 501 1313 detecti
519 1239 685 1313 referunt
702 1254 944 1316 monumenta
959 1243 1098 1317 vetusti

112 1349 242 1440 Moris,
262 1364 301 1426 et
318 1354 494 1450 antiquas
511 1354 764 1428 testificantur
780 1379 885 1452 opes.

61 1464 140 1538 Sed
157 1490 224 1540 cur
236 1469 425 1568 praecipue
441 1469 560 1567 fugiat
575 1470 761 1545 velamina
778 1470 942 1559 Faunus,

110 1581 286 1656 Traditur
302 1585 447 1682 antiqui
463 1584 591 1659 sabula
606 1586 720 1683 plena
732 1587 822 1681 joci.

64 1696 177 1771 Forte
194 1721 323 1774 comes
339 1699 501 1773 dominae
514 1699 664 1794 juvenis
678 1699 1018 1797 Tirynthiusibat:
1036 1707 1110 1776 305

112 1812 218 1886 Vidit
235 1814 283 1888 ab
301 1816 453 1889 excelso
473 1814 624 1889 Faunus
643 1825 845 1913 utrumque
858 1818 965 1913 jugo.

60 1926 181 2012 Vidit,
199 1939 239 2002 et
255 1930 421 2017 incaluit,
443 1928 702 2026 Montanaque
722 1931 888 2016 numina,
907 1931 1017 2018 dixit,

115 2041 181 2114 Nil
198 2043 291 2115 mihi
307 2045 499 2117 vobiscum
519 2055 598 2118 est:
628 2044 709 2116 haec
727 2068 835 2116 meus
854 2044 963 2118 ardor
980 2045 1062 2118 erit.

63 2155 151 2230 Ibat
167 2157 334 2231 odoratis
352 2159 528 2233 humeros
545 2158 698 2256 perfusa
714 2159 861 2256 capillis

116 2270 288 2359 Maeonis,
309 2285 437 2346 aurato
455 2273 724 2372 conspicienda
740 2276 835 2348 sinu.
1038 2280 1112 2348 310

98 2554 157 2601 ⁴295.
193 2553 330 2609 Ashtishat,
359 2552 560 2616 quemadmodum
611 2556 658 2613 23;
678 2554 826 2620 Hyginlab.
841 2556 882 2603 32.
903 2555 1008 2611 Comites,
1021 2554 1112 2612 ramuli,

61 2625 186 2689 Virgilius,
197 2624 285 2688 Georg.
295 2625 312 2674 i.
323 2627 363 2674 45.
395 2625 559 2690 ingementem,
612 2628 710 2677 ministri
722 2637 748 2676 ut
756 2644 804 2677 ver.
812 2630 869 2676 333.
877 2629 918 2677 ubi
930 2639 1010 2678 tamen
1022 2630 1114 2679 Hercu·

60 2700 172 2764 depresso
189 2707 267 2748 aratro
283 2709 376 2748 taurum
393 2699 450 2747 lacit
459 2718 466 2758 ;
484 2715 561 2763 neque
612 2701 646 2750 les
661 2702 692 2750 ab
707 2703 736 2750 iis
752 2702 913 2767 distinguitur.
926 2712 950 2751 et
960 2705 1056 2751 dominis
1071 2718 1113 2751 sn·

61 2773 191 2829 temere,si
206 2771 292 2821 durum
307 2772 385 2820 Itsliae
403 2772 562 2828 solum‚nono
612 2785 758 2823 numeratur.
792 2777 869 2824 Ardor
890 2776 920 2825 de
942 2792 1041 2840 persona
1059 2791 1113 2841 ques

60 2847 158 2895 demum
184 2845 252 2895 sulco
278 2847 433 2901 domandum,
460 2847 561 2910 cogitas.
612 2848 719 2896 ardorem
733 2848 832 2906 excitat,
850 2848 899 2897 sive
918 2858 1011 2897 amatur
1030 2850 1060 2897 sb
1078 2849 1114 2898 sl·

63 2920 189 2980 luperam,
217 2926 246 2968 ut
270 2935 358 2984 cogere,
387 2918 418 2967 do
444 2918 561 2983 agricolis.
612 2929 669 2969 tero.

62 2994 128 3043 Vide
149 2994 312 3041 burmannum
331 2991 363 3041 ad
384 2994 445 3041 Mat.
466 2991 483 3040 i.
505 2993 562 3040 10³.
644 2996 703 3042 310.
732 2994 836 3050 Mamm
865 2995 950 3060 Lydia.
993 2993 1113 3059 Ompbsle

62 3070 110 3117 Sub
126 3067 183 3116 Jous
198 3067 377 3123 durobsnt‚sub
394 3065 434 3114 dio
451 3065 564 3114 molestiis
612 3067 674 3115 enim
703 3065 786 3130 Lydia
818 3068 910 3131 regina,
938 3067 1015 3114 Tmoli
1043 3082 1112 3114 uxor.

62 3141 192 3191 tolerandis
212 3140 358 3205 perstabunt.
393 3138 432 3188 Cl.
454 3139 487 3187 iv.
508 3140 564 3188 505.
614 3141 726 3188 Humerus
740 3141 927 3204 pressamquum
942 3155 1015 3187 comm
1032 3138 1114 3187 annuli

65 3217 149 3272 Dorta,
168 3213 313 3263 semelscts.
348 3214 447 3269 Detesti,
464 3212 565 3261 ministri
613 3217 638 3262 ln
649 3214 753 3262 humeris
763 3215 914 3262 fluctuarent.
945 3211 1042 3277 Apulei.
1052 3213 1115 3260 Met.

63 3290 139 3340 Panis
159 3287 224 3337 nude
240 3297 368 3343 currentes,
383 3287 500 3351 referunt,
516 3296 564 3336 etc.
614 3287 639 3335 ii.
651 3294 667 3315 ‘⁸
677 3287 761 3336 Crines
771 3286 864 3334 cervice
879 3285 1017 3350 dependuli,
1028 3299 1057 3333 ac
1071 3284 1114 3334 de-

62 3370 160 3411 semet
170 3377 246 3410 mores
262 3360 380 3426 antiquos.
413 3360 488 3409 Iidem
502 3362 564 3408 testi-
615 3360 671 3409 inde
692 3376 734 3424 per
755 3360 817 3407 colla
833 3358 972 3423 dispositi.''
1007 3359 1115 3410 odorati.

55 3437 166 3499 ficum
186 3438 292 3497 snfiqum
310 3450 369 3495 opes,
391 3449 463 3498 quam
487 3433 566 3481 nullas
616 3434 705 3499 Capilli
718 3433 837 3481 interdum
852 3444 925 3481 totam
936 3432 1051 3481 Arabiam
1066 3433 1115 3497 spi·

62 3525 122 3574 opes
133 3507 243 3556 hebuerit
253 3507 393 3572 antiquitas.
616 3508 709 3555 rabant.
741 3505 938 3562 Lucisnumtm.
951 3506 1022 3555 alo.
1049 3504 1117 3556 Culti

96 3582 156 3630 ³⁰³.
181 3580 262 3629 Testis
279 3579 393 3628 nuditatis
407 3595 487 3628 csusa.
521 3579 565 3629 ra·
616 3581 698 3647 capilli
715 3591 740 3629 et
754 3585 818 3629 rinus
831 3580 904 3628 vestis
918 3581 955 3628 vet
971 3579 1117 3636 effususnu

61 3655 134 3705 bulas
152 3657 204 3717 joci
225 3654 356 3718 petulantis
379 3657 459 3717 plenas
479 3653 567 3703 Noster
616 3670 755 3719 purpureus,
765 3653 804 3702 vel
821 3663 928 3709 auratus,
939 3652 963 3701 in
979 3653 1061 3717 primis
1073 3669 1114 3701 no-

60 3729 137 3778 etism
153 3727 179 3776 in
194 3727 239 3776 hoc
249 3741 321 3791 opere
332 3728 447 3777 ambabus
458 3728 567 3777 manibus
618 3737 706 3783 tantur,
717 3744 790 3792 quum
806 3727 902 3776 habitus
915 3727 1059 3790 elegantium
1074 3726 1118 3775 ho·

59 3802 171 3868 arripuit.
206 3801 320 3850 Hercules
339 3802 377 3850 vel
405 3803 436 3851 ob
457 3801 564 3867 Iphitum
616 3801 714 3856 minum,
732 3816 836 3849 amorem
853 3809 895 3848 aut
911 3799 1058 3864 captantium
1075 3808 1118 3848 sut

59 3874 177 3931 occisum,
190 3874 268 3923 seloh
278 3874 393 3940 tripodem
404 3874 435 3923 de
446 3873 566 3939 Apollinis
616 3875 780 3930 excitantium,
792 3874 941 3923 describitur.
951 3891 976 3922 v.
989 3874 1031 3922 28.
1065 3876 1115 3922 Au-

60 3952 121 3998 lano
134 3949 292 4005 sublatum
306 3950 425 3999 Mercurio
440 3948 566 4014 Omphala
617 3958 691 4004 ratus,
713 3948 753 3996 cui
778 3964 850 3997 aures
873 3949 915 3996 fila
940 3947 976 3996 vel
1002 3962 1055 4003 scu,
1076 3948 1115 3995 vel

59 4024 152 4088 regine
164 4021 337 4072 inservitutem
347 4032 384 4071 est
393 4024 472 4071 datus.
505 4023 568 4071 Phe·
618 4021 720 4071 texendo
746 4021 837 4070 addita.
876 4020 938 4070 Vide
966 4019 996 4068 ad
1024 4035 1116 4068 tersum

60 4096 146 4162 recyd,
164 4093 228 4161 apud
244 4095 324 4144 Schol.
341 4095 411 4144 Hom.
427 4096 457 4144 ad
474 4095 522 4144 Od.
537 4099 568 4144 Φ.
618 4097 676 4144 319.
