2806 5018
173 373 239 438 ³00
465 369 505 433 Ρ.
530 367 690 434 OVIDII
715 365 928 432 NASONIS

175 543 246 617 Est
263 565 395 616 nemus
414 542 608 615 arboribus
624 542 796 625 densum,
815 548 985 612 secretus
1003 537 1055 610 ab
1072 537 1169 611 omni
1253 594 1255 599 .

225 659 329 733 Voce
346 659 464 743 locus,
484 659 514 730 si
534 682 610 731 non
629 659 914 752 obstreperetur
930 652 1058 748 aquis
1174 655 1208 723 10

174 772 247 846 Hic
265 798 336 869 ego
354 775 583 870 quaerebam,
602 771 717 870 coepti
735 792 821 866 quae
839 767 980 843 mensis
999 768 1107 864 origo

225 887 351 974 Esset,
371 900 409 961 et
427 888 463 960 in
482 911 572 960 cura
589 886 749 959 nominis
766 885 880 981 hujus
898 905 1014 956 eram.

175 1001 277 1076 Ecce
296 1003 387 1075 deas
404 1003 493 1086 vidi,
513 1027 588 1075 non
607 1025 703 1098 quas
723 1009 934 1098 praeceptor
953 996 1088 1070 arandi

225 1117 391 1201 Viderat,
412 1117 585 1189 Ascraeas
603 1140 721 1213 quum
739 1125 962 1211 sequeretur
980 1136 1094 1194 oves;

176 1229 213 1302 N
216 1256 260 1304 ec
277 1256 373 1329 quas
389 1231 597 1304 Priamides
616 1231 654 1302 in
672 1252 825 1326 aquosae
842 1227 1002 1300 vallibus
1023 1225 1106 1300 Idae
1176 1228 1211 1297 15

227 1348 418 1432 Contulit;
448 1371 496 1420 ex
514 1347 588 1420 illis
606 1345 673 1419 sed
692 1355 817 1418 tamen
837 1366 911 1416 una
926 1341 1020 1416 suit:

207 1629 231 1676 9.
249 1628 278 1676 In
292 1643 380 1676 more
395 1638 486 1683 secreto,
504 1628 575 1692 quale
593 1636 674 1676 amant
724 1628 747 1674 iu
758 1625 865 1675 convivio
872 1622 982 1672 Thetidis
994 1632 1021 1672 ot
1034 1621 1104 1671 Pelei
1114 1621 1214 1687 nuptiali.

176 1699 348 1755 meditabundi‚
360 1699 489 1764 cogitatde
503 1701 672 1750 nominemen·
723 1700 827 1748 immisso
849 1699 880 1747 ab
900 1697 973 1746 Eride
992 1712 1076 1762 pomo,
1097 1695 1128 1744 de
1151 1694 1216 1743 hm

174 1772 215 1821 sis.
250 1772 390 1828 Vorasono.
425 1773 555 1835 obstrepere
564 1773 595 1822 de
605 1773 674 1838 equis
723 1778 895 1826 concertarent,
922 1784 938 1816 a
970 1768 1104 1824 Mercurio,
1126 1767 1216 1831 jubente

175 1854 199 1893 et
206 1845 268 1894 soliis
275 1847 384 1894 arborum
392 1848 602 1901 murmurantibus
615 1848 673 1896 Pro·
723 1847 792 1900 Jove,
802 1844 827 1893 iu
843 1843 910 1892 Idan
923 1851 1032 1891 montem
1041 1841 1157 1891 deducto
1169 1847 1217 1888 sunt

176 1919 273 1982 pertius,
284 1918 375 1968 1V.iv.
386 1920 416 1966 t:
427 1925 443 1947 ‘¹
453 1919 576 1984 multoque
587 1919 674 1968 nativis
724 1920 755 1967 ad
771 1916 893 1973 Paridem.
914 1917 1004 1965 Priami
1022 1916 1110 1972 filiurn,
1126 1914 1167 1979 qni
1183 1928 1217 1962 ess

175 1992 289 2056 obstrepit
315 1993 384 2040 srbor
411 1992 506 2056 aquis.”
550 1991 672 2047 Horatius,
724 1993 845 2057 conferret,
867 2000 892 2039 et
912 1989 969 2038 inde
993 1989 1026 2038 de
1051 1986 1217 2055 pulchritudine

177 2064 254 2129 Epod.
274 2064 299 2114 ii.
320 2067 365 2113 21:
397 2064 520 2128 Forrtesqur
540 2065 598 2127 (nisi
619 2079 674 2114 curn
724 2080 805 2114 earum
819 2062 1001 2129 pronuntiaret;
1019 2060 1217 2127 Hyginum

176 2138 412 2203 Maribfrorrdrsque
428 2138 510 2200 malis)
527 2140 622 2202 tympbis
637 2141 674 2186 ob·
723 2139 771 2197 923
789 2137 909 2186 Luciacus
925 2134 1026 2184 deorum
1043 2131 1219 2185 santerna

176 2219 280 2271 sumunt
296 2213 448 2260 nemoribus.
485 2211 513 2259 iu
529 2227 587 2257 carra
603 2227 673 2267 nom,
723 2227 748 2276 p.
759 2212 799 2259 20.
832 2206 1217 2274 Secundnmbunc,judiciurnio

178 2282 208 2330 de
219 2298 248 2330 eo
259 2283 401 2346 cogitabam.
725 2292 776 2332 tum
787 2292 823 2333 est
832 2284 857 2332 in
868 2284 985 2347 Gargara,
995 2281 1048 2331 ld·
1060 2281 1159 2331 vertice.
1177 2278 1217 2329 ssd

213 2358 252 2404 1³.
279 2356 339 2404 Deae
363 2359 419 2413 vidi,
440 2373 486 2405 non
507 2359 598 2414 Musas,
620 2372 673 2421 qua
724 2359 812 2407 Noster
834 2367 930 2406 secutus
954 2363 991 2404 est
1012 2354 1125 2421 Euripid.
1150 2353 1219 2420 lpug.

177 2427 316 2493 pierumque
339 2429 415 2492 poetis
439 2429 539 2487 adsunt;
564 2429 606 2477 sed
630 2430 674 2478 boc
724 2427 1218 2481 Auud.129⁴.ubi10eussicdesmbtru:

177 2501 247 2548 docte
274 2499 381 2549 variavit.
430 2503 558 2565 Praeceptor
582 2507 675 2559 arandi,
724 2506 756 2555 ad
773 2520 848 2571 aquas
864 2504 985 2568 limpidas,
999 2503 1043 2551 ubi
1060 2502 1138 2552 touta
1152 2502 1220 2566 Ny!-

178 2572 297 2621 Hosiodus
317 2582 411 2637 propter
435 2590 538 2631 carmen,
559 2576 623 2639 quod
645 2576 675 2625 de
724 2578 824 2644 pharum
839 2585 863 2626 et
873 2585 966 2642 pratum
982 2574 1104 2624 floridum.
1136 2575 1219 2633 Quan-

179 2646 296 2710 Operibus
306 2653 330 2694 et
339 2647 430 2695 Diebus
439 2648 579 2696 inscribitur.
596 2650 675 2697 Etiam
725 2668 796 2716 quam
809 2651 872 2700 idem
887 2650 942 2698 Hei.
952 2650 995 2698 2³.
1008 2648 1105 2698 Iduum
1119 2662 1218 2714 φεοῦ,

178 2719 324 2783 Propertius,
342 2721 376 2768 11.
394 2738 449 2768 xxv.
466 2723 511 2768 77:
530 2722 592 2769 “Tu
608 2723 675 2770 canis
725 2721 819 2774 Ἰδαῖον
838 2724 974 2786 κευθμῶνα,
990 2731 1015 2770 et
1036 2722 1155 2770 Androm.
1167 2720 1219 2768 tu.

178 2791 268 2839 Ascraei
281 2793 364 2841 veteris
381 2803 500 2859 precepta
516 2795 618 2858 poeta,''
630 2806 675 2844 etc.
726 2798 816 2845 Idaeum
835 2811 927 2851 nemus,
943 2794 1042 2844 'iratas
1059 2794 1158 2850 ndens,
1174 2809 1220 2841 ne·

179 2865 260 2921 Quum
275 2865 333 2913 dicit
350 2868 448 2914 timeas
464 2885 532 2929 quum
547 2879 676 2930 sequentur
726 2881 809 2919 morat.
843 2872 931 2918 [acum
953 2868 1021 2917 ilium
1044 2867 1101 2917 inde
1123 2868 1220 2916 Αἰσω-

179 2955 236 2994 ouer,
258 2939 352 3003 respicit
372 2941 461 3006 Theog.
479 2944 519 2989 22.
536 2942 576 2990 ubi
598 2942 675 2990 Musa
726 2944 802 2991 driam
821 2942 910 2991 dictum
929 2957 990 2997 esse,
1007 2941 1095 2989 Strabo
1111 2951 1137 2989 et
1153 2956 1181 2989 es
1195 2953 1220 2987 so

179 3012 337 3070 nominantur,
345 3030 397 3078 qua
406 3014 461 3061 olim
470 3014 599 3063 Hesiodum
610 3031 675 3078 egre·
726 3018 859 3082 Stephanus
869 3016 1017 3080 Byzantinus
1033 3024 1108 3081 atque
1122 3015 1163 3063 elii
1175 3030 1221 3063 nar·

178 3087 243 3150 gium
264 3102 358 3136 carmen
379 3088 517 3141 docueruut.
535 3104 608 3152 agnos
623 3105 675 3153 pas-
726 3100 823 3151 rarunt3
843 3090 897 3138 vide
919 3089 1058 3138 Hemsterh.
1077 3089 1108 3138 ad
1129 3086 1219 3138 luciani

179 3169 272 3209 centem
289 3162 403 3210 Helicone
420 3164 464 3210 sub
483 3163 576 3211 divino:
598 3164 677 3226 ἄρνας
727 3165 910 3213 dictumlocunr.
927 3164 1049 3213 Ceterum
1059 3165 1221 3212 morsurus

180 3233 337 3299 ποιμαίνονθ’
353 3233 487 3293 Ἑλικῶνος
509 3236 557 3284 ὑπὸ
575 3235 676 3291 ζαθέοιο.
727 3238 776 3286 zius
792 3237 905 3302 expiicat,
918 3252 971 3301 que
989 3251 1014 3284 se
1032 3235 1103 3284 simui
1122 3234 1220 3284 contule·

181 3307 271 3356 Eadem
298 3309 370 3356 verba
396 3308 497 3373 respexit
524 3307 595 3356 etiarn
624 3309 676 3356 Art.
727 3320 781 3358 runt
803 3311 833 3358 ad
856 3309 978 3358 Paridem.
1016 3310 1097 3359 Immo
1112 3307 1219 3374 judicium

181 3381 262 3428 Amat.
281 3381 298 3427 i.
316 3383 361 3428 27:
379 3389 396 3409 “
407 3384 458 3430 Nec
475 3382 532 3429 mihi
550 3391 604 3429 sunt
620 3383 676 3430 visst
727 3383 821 3432 Paridis
831 3399 873 3448 per
889 3382 1035 3431 antecedens
1046 3383 1073 3432 h.
1083 3399 1108 3431 v.
1120 3381 1219 3448 exprimi

181 3453 236 3502 Clio
258 3453 372 3516 Cliusque
392 3470 488 3509 sorores,
508 3454 616 3502 Servanti
636 3471 676 3519 pe·
727 3465 774 3504 tur.
808 3456 855 3514 Qui
869 3456 978 3520 judicare
995 3457 1055 3510 vult,
1067 3457 1088 3504 is
1104 3466 1159 3505 ante
1174 3471 1216 3502 sos·

180 3527 255 3574 eudes
275 3526 385 3581 vallibus,
408 3529 493 3582 Ascra,
515 3527 588 3574 tuis.”
622 3529 677 3576 Fuit
719 3532 788 3595 serre
805 3546 850 3585 res,
866 3530 928 3576 inter
944 3546 970 3577 sc
987 3545 1134 3594 comparare,
1150 3529 1218 3577 debet

182 3608 260 3647 autern
272 3601 341 3647 Ascra
349 3601 414 3649 ricus
423 3600 532 3657 Boeotia,
542 3603 581 3649 ubi
593 3602 676 3651 Hesio-
727 3605 765 3651 De
775 3601 788 3649 1
790 3607 818 3650 ra
828 3618 910 3664 uqrtoso
919 3602 973 3649 vide
983 3602 1013 3649 ad
1024 3603 1128 3651 Metam.
1137 3601 1216 3652 iim,

181 3672 234 3725 dus,
257 3672 339 3720 Cumis
364 3674 460 3728 relictis.
481 3691 534 3723 cum
560 3684 626 3739 patre
653 3689 677 3724 et
729 3676 786 3729 Qua
803 3685 856 3730 rtot,
871 3674 954 3723 similis
970 3682 1057 3722 statue
1075 3672 1215 3739 incapitniio

181 3746 254 3793 Persa
268 3746 338 3794 tratre
350 3745 415 3802 risit,
429 3763 484 3810 agro
496 3747 596 3797 colendo
607 3765 675 3813 peco-
727 3750 859 3797 collocatae.
894 3748 985 3795 Horror
1002 3748 1044 3796 ilie
1059 3764 1128 3796 sacer
1141 3745 1213 3794 intelli·

181 3819 292 3883 ribusque
303 3820 418 3867 habendis
428 3837 522 3884 operam
532 3821 601 3869 dans.
728 3821 820 3885 gendus
830 3820 870 3884 qui
883 3830 907 3868 et
918 3821 945 3868 ii.
956 3823 1015 3870 502.
1026 3821 1063 3868 iii.
1073 3823 1118 3869 331
1128 3839 1135 3879 ;
1150 3830 1172 3868 et
1180 3817 1211 3865 de·

217 3894 254 3940 la.
280 3894 353 3939 Erant
373 3902 420 3939 tres
440 3893 501 3947 dea,
524 3910 576 3957 quaa
599 3910 676 3942 coram
728 3895 837 3943 scribitur
846 3895 863 3942 i.
873 3895 913 3942 92.
947 3897 1058 3942 Animum
1069 3909 1151 3959 nempe
1163 3888 1211 3940 riui·

182 3963 270 4013 Ouidio
290 3978 386 4011 causam
405 3966 516 4026 agebant,
536 3974 561 4013 ut
580 3966 677 4015 totidem
727 3968 794 4023 dum,
807 3968 936 4032 abjectum.
972 3962 1208 4017 Fater-idicituretia
1253 4022 1255 4035 Ι

183 4034 301 4099 quondam
313 4051 389 4082 coram
398 4035 485 4084 Paride
493 4048 598 4101 egerant,
606 4048 677 4103 atque
728 4041 864 4104 quiinscius
874 4050 899 4088 et
909 4040 997 4089 invitus
1004 4037 1205 4106 signisqnibusdtfl

182 4125 211 4157 ex
234 4107 270 4155 his
290 4107 370 4156 iisdem
393 4124 440 4157 uua
461 4118 485 4158 et
508 4127 568 4159 nunc
589 4113 679 4161 aderat.
728 4115 800 4161 animi
821 4124 899 4162 motus
919 4114 1014 4179 prodit,
1042 4117 1103 4164 Met.
1124 4114 1154 4160 ri.
1171 4110 1203 4157 35²

181 4183 246 4234 Juno
261 4181 333 4239 enim,
344 4183 454 4231 Minerva
467 4192 491 4232 et
504 4185 593 4242 Venus,
604 4203 678 4250 quum
728 4189 870 4254 eorrfessaqus
885 4189 986 4236 vultibus
999 4191 1069 4237 irari.
1102 4182 1201 4250 Ingerit·t
