2806 5018
414 366 762 434 HALIEUTICON.
1045 369 1111 434 45⁶

58 542 113 615 At
130 541 315 639 pretiosus
335 537 492 639 Helops,
512 540 650 613 nostris
669 540 880 636 incognitus
900 539 1032 628 undis;
1058 544 1106 615 96

59 658 117 730 Ac
135 657 251 730 durus
271 656 445 755 xiphias,
465 657 542 729 ictu
561 680 635 728 uon
653 655 777 729 mitior
794 656 915 742 ensis;

61 771 113 846 Et
128 773 255 870 pavidi
272 795 408 868 magno
425 771 613 868 fugientes
631 772 782 868 agmine
799 770 972 845 Thuuni:

61 886 186 962 Parva
217 886 405 962 Echeneis
441 889 560 976 adest,
588 888 743 960 mirum!
780 910 883 960 mora
916 887 1109 986 puppibus

162 1005 316 1100 ingens:
1059 1006 1107 1077 99

60 1118 198 1217 Tuque
216 1143 344 1193 comes
362 1118 510 1205 ratium,
530 1118 718 1214 tractique
735 1141 802 1216 per
819 1140 972 1213 aequora
988 1117 1097 1204 sulci,

61 1233 138 1319 Qui
156 1258 307 1332 semper
325 1258 479 1332 spumas
497 1232 678 1330 sequeris,
699 1231 885 1330 Pompile,
904 1231 1088 1307 nitentes:

61 1349 328 1448 Cercyrosque
344 1349 462 1436 ferox,
480 1350 719 1448 scopulorum
736 1349 812 1423 fine
830 1358 1017 1422 moratus:

58 1565 125 1606 nere,
140 1548 198 1598 dum
212 1550 297 1598 timet:
315 1547 336 1597 it
351 1549 484 1613 gregatim
507 1546 564 1596 lieet
614 1563 668 1613 cap.
686 1550 728 1597 22.
761 1547 894 1614 Oppianus,
910 1548 952 1597 lib.
970 1547 998 1597 ii.
1015 1546 1110 1608 latine,

58 1621 189 1672 edentulus
205 1621 245 1679 sit,
263 1620 398 1671 camisorus
417 1629 497 1669 tamen
512 1630 563 1682 αις
615 1621 726 1670 Gladius.-
748 1621 842 1677 Italiee,
858 1621 925 1671 Persa
942 1625 1022 1684 spado.
1055 1622 1111 1672 Gis·

58 1694 279 1760 liuguamignenm,
287 1693 444 1744 rubicundum
454 1692 563 1759 etspleu·
613 1696 722 1745 celerius.
754 1695 867 1760 Pelagius
876 1705 925 1756 est;
942 1695 1112 1747 stetseesm

58 1768 159 1818 dentem
171 1769 252 1817 hebet.
270 1768 348 1816 loss.
614 1768 801 1833 magnitudinem
827 1768 950 1833 pervenit:
975 1777 1048 1818 rostro
1074 1778 1112 1818 est

94 1843 138 1891 96.
156 1844 187 1890 At
202 1845 312 1905 pretim
329 1841 514 1904 Hotomanus
528 1844 565 1890 ἐκ·
616 1852 762 1900 mneronato‚
783 1851 910 1907 utramque
930 1843 1051 1893 maxillam
1072 1858 1110 1892 ro·

58 1922 168 1983 cognitas
180 1917 271 1980 eandm]
289 1915 381 1965 Plinius
396 1915 488 1964 nullum
503 1914 566 1964 ordi-
614 1925 713 1965 stratam
724 1917 811 1966 habet:
825 1917 958 1966 inferiorem
969 1925 1048 1966 umen
1057 1917 1111 1966 bre·

60 2006 120 2041 nem
148 1992 263 2058 sequitur,
286 2005 423 2055 quanquam
452 1989 565 2054 pleraque
614 2005 678 2047 vern,
704 2001 728 2041 et
752 1991 938 2056 triangularem
967 1991 1111 2058 superiorem
1150 2029 1152 2032 -

60 2065 195 2132 expressit3
210 2065 253 2115 sed
267 2075 321 2130 post
335 2064 402 2122 ulios,
418 2063 459 2129 qni
472 2063 512 2112 bic
528 2079 564 2113 se·
614 2064 931 2129 mgnnseumturiorem,
941 2064 1112 2130 longissimam,

58 2147 177 2203 quuntns,
192 2137 223 2188 de
240 2138 334 2204 Helops
350 2139 384 2186 ita
401 2145 496 2185 euolat:
515 2137 563 2186 Hs·
613 2139 768 2189 ensilormssn.
791 2139 863 2189 Cios.
903 2141 1034 2197 Audurus,
1051 2140 1111 2190 bene

62 2214 132 2270 lones
145 2229 230 2277 qnoque
241 2215 299 2262 dicit
311 2229 355 2261 asse
367 2214 450 2260 nostris
460 2213 563 2276 incogni-
612 2211 701 2276 scripti.
718 2214 809 2262 Herus.

61 2297 116 2335 tuss
134 2289 212 2336 uuis
244 2286 416 2346 Quintilianus,
434 2285 477 2333 lib.
493 2302 516 2333 v.
533 2301 562 2334 ex
645 2287 687 2335 98.
717 2287 832 2350 Thurini]
865 2287 984 2345 Thurinus,
1020 2286 1112 2338 latine.

62 2362 153 2411 Nostro
179 2362 252 2411 etism
279 2362 365 2410 babet:
393 2377 435 2409 nee
462 2359 563 2422 Helopsn
614 2359 719 2418 θύννος,
729 2362 821 2411 Graece.
840 2361 925 2418 Tosne,
935 2360 1030 2410 Italics·
1063 2359 1112 2412 Ubi

60 2445 141 2483 nostro
150 2438 296 2484 moriduens.
328 2437 369 2483 An
384 2450 439 2499 ergo
452 2433 477 2481 in
488 2434 563 2482 Ponto
613 2433 713 2498 primum
735 2444 804 2483 natus
825 2442 869 2491 est,
889 2433 981 2483 Ietinis
1000 2434 1111 2495 Cortum

60 2516 158 2558 tentum
168 2510 233 2558 nssei
246 2507 347 2557 credidit
356 2508 439 2556 Plini
464 2506 564 2556 Dixerat
614 2507 654 2555 ubi
666 2508 696 2556 nd
707 2524 748 2557 sen
762 2523 855 2557 menses
868 2507 983 2574 pervenit,
997 2509 1096 2560 Poena
1102 2527 1113 2569 ,·

62 2581 145 2632 eninm
169 2582 239 2630 “His
260 2580 399 2646 adjiciemus
421 2580 484 2645 apud
504 2581 563 2630 Ovi·
613 2580 654 2628 ubi
674 2581 705 2630 ed
725 2598 822 2640 annum,
841 2583 952 2632 munus
970 2583 1072 2633 dicitur:
1096 2599 1111 2634 a

61 2655 132 2704 dium
150 2655 228 2720 posita
248 2654 351 2710 nomina,
368 2669 422 2718 qnae
441 2653 505 2718 apud
522 2669 563 2703 ne·
613 2656 685 2704 verbo
703 2657 788 2706 Greoo
805 2656 900 2714 θύνειν,
918 2656 982 2721 quod
1002 2666 1039 2707 est
1056 2672 1112 2707 oum

62 2729 154 2779 minem
179 2728 254 2778 alium
278 2727 432 2793 reperiuntur,
453 2726 495 2774 sed
518 2727 564 2775 lor·
614 2728 704 2795 impetu
720 2730 865 2793 promoveri:
885 2730 927 2779 ubi
944 2731 1018 2796 major
1033 2733 1112 2781 factus

63 2803 136 2853 tsssis
152 2802 266 2852 inPonto
283 2802 435 2851 nuscuntur?
467 2801 565 2866 Triplici
613 2811 658 2858 est,
680 2802 789 2866 ὄρκυνος·
810 2805 836 2852 in
855 2804 996 2853 immensum
1019 2813 1112 2861 suetus,

63 2892 153 2926 errore.
185 2878 242 2926 Non
251 2875 332 2926 Ovidii
343 2876 395 2925 base
409 2884 473 2932 suut,
484 2875 565 2934 ssd,si
614 2875 686 2936 κήτη.
698 2877 790 2927 Giscal.
805 2879 877 2928 Cios.

62 2950 125 3016 quid
143 2950 350 3015 protonotarii.
384 2951 439 2999 Nec
456 2949 496 2998 hie
512 2960 564 2999 tun·
645 2951 687 2997 99.
706 2950 784 2998 Paron
803 2951 910 2998 Ecbsneis
926 2953 997 3006 ndat,
1011 2952 1112 2999 mltum!

63 3034 118 3074 tum
143 3024 243 3089 Helopis
266 3025 370 3085 mentio,
396 3024 439 3073 sed
461 3034 486 3073 et
508 3025 563 3073 Axi·
614 3022 899 3086 morspupptbosingene]
916 3022 1111 3088 Pliniusix.nap.

62 3098 172 3156 stotelss,
187 3107 212 3147 et
230 3099 348 3147 Hesiodus
367 3099 439 3147 Scuto
455 3099 565 3148 Herculis
614 3098 654 3145 25.
687 3097 755 3144 “Est
776 3112 862 3161 parvus
884 3094 1011 3143 admodum
1032 3095 1112 3158 piscis,

58 3171 427 3236 “mboxaclxdicindigitavit
453 3171 564 3236 Denique
614 3168 732 3217 Ecbeneis
748 3169 896 3234 appellatus;
913 3167 1054 3217 boooexinis
1068 3168 1111 3217 ed·

64 3261 115 3295 non
129 3245 155 3294 in
167 3246 252 3302 Ponto,
261 3245 304 3294 sed
314 3245 339 3293 in
355 3244 497 3310 Psmpbylio
510 3255 563 3294 tnu-
614 3242 727 3299 herente,
737 3258 810 3291 naves
825 3242 916 3291 tardius
927 3242 961 3291 ire
974 3241 1111 3300 ereduntur,

62 3329 115 3370 tum
132 3321 192 3368 mari
204 3319 306 3385 eapitur,
317 3320 417 3368 testibus
433 3320 566 3369 Columella
614 3316 670 3365 inde
682 3317 776 3365 nomine
791 3316 907 3380 imposito,
917 3324 981 3375 etc.;
998 3315 1050 3364 ἀπὸ
1066 3317 1112 3366 τοῦ

64 3403 92 3443 et
112 3393 220 3442 AEliauo.
253 3394 282 3442 ln
300 3410 328 3442 eo
349 3409 444 3458 quoque
465 3393 563 3450 fallitur,
613 3391 658 3448 τὰς
668 3394 733 3450 νῆας
745 3389 838 3454 ἱχειν.”
870 3389 1030 3446 Puto‚Pam
1043 3389 1112 3438 Ettri-

64 3468 131 3535 qnod
149 3467 194 3516 lib.
205 3469 238 3516 ix.
250 3483 272 3517 c.
286 3470 323 3516 17.
334 3468 399 3516 dieat
412 3467 443 3516 de
460 3468 564 3533 Acipen-
615 3467 671 3520 nsit,
682 3474 710 3512 nt
719 3475 750 3513 et.
780 3464 870 3512 Hnrss.

63 3559 132 3593 sate:
158 3542 260 3590 “Nullo
278 3541 303 3590 in
323 3541 409 3590 bonore
436 3550 480 3596 est,
501 3539 564 3605 quod
649 3539 702 3588 101.
721 3539 845 3601 Pompile]
870 3536 1002 3603 Oppianus.
1021 3537 1037 3584 i·
1056 3537 1112 3586 186·

64 3616 166 3682 quidem
173 3615 252 3670 miror,
261 3631 335 3679 quum
342 3615 372 3664 sit
379 3630 445 3663 rurus
451 3613 564 3663 inventu:
614 3610 768 3676 penultimum
785 3611 893 3677 corripit:
910 3610 955 3660 Ἐν
970 3610 1058 3669 πίνοις
1074 3629 1114 3663 νε·

62 3688 232 3756 qnidmeunr
242 3688 455 3754 Elopenvocunt.¹'
480 3688 566 3736 Nostro
614 3704 685 3751 purat
700 3687 741 3734 rui
755 3687 886 3751 Πομπιλος
898 3684 929 3734 bv
945 3685 1006 3735 πότε
1022 3688 1113 3736 ναῦται

63 3771 152 3814 contre
169 3771 214 3818 est,
230 3766 338 3824 prrtmsus
358 3761 457 3822 Karape·
480 3760 566 3825 quiet
616 3761 725 3816 ἅζονται.
742 3760 820 3809 Gnsrr.
852 3762 891 3811 De
909 3759 1010 3825 Pompili
1029 3769 1113 3810 natura

64 3834 247 3898 πολιηίματος.
268 3835 410 3900 Epicharmo
417 3851 426 3894 5
450 3833 491 3882 sed
516 3833 566 3898 ipse
616 3835 727 3884 AElianus
741 3835 818 3884 libii.
830 3835 908 3901 capite
925 3837 962 3883 16.
978 3834 1114 3884 etlinxiv.

61 3910 111 3961 sibi
129 3909 204 3957 etism
221 3907 355 3972 obloquitur
371 3907 470 3962 Plinius,
488 3914 514 3954 ut
530 3921 566 3954 os·
616 3909 694 3973 capite
705 3911 754 3968 ³33
772 3909 872 3966 Plinius,
883 3909 924 3957 lib.
934 3907 967 3956 ix.
977 3923 1031 3973 cap.
1042 3911 1079 3958 16.
1088 3917 1114 3957 et

60 3983 165 4034 tendum
175 3981 207 4029 sd
218 3997 279 4030 vers.
290 3980 334 4029 ult.
351 3983 427 4030 Vnus.
616 3981 683 4030 alibi.
717 3983 765 4032 Hie
776 3992 855 4032 autem
868 3981 939 4048 piscis
948 3982 1062 4046 Neptuno
1073 3995 1112 4028 ss·

96 4057 141 4107 97.
160 4056 278 4119 xiphias]
300 4055 386 4112 Plinio,
401 4071 454 4120 cap.
468 4055 526 4103 xlix.
538 4054 567 4102 li-
615 4071 655 4104 cer
665 4056 781 4121 estquod
792 4056 887 4122 navigia
897 4056 927 4104 ad
935 4064 1026 4120 portum
1039 4069 1112 4118 usque

59 4135 107 4182 bro
124 4130 161 4178 ix.
204 4129 296 4194 Trygon
316 4137 421 4178 vocatur.
460 4128 498 4177 De
519 4144 567 4192 quo
614 4139 735 4193 sequatur.

63 4203 191 4259 AEliauus,
204 4202 248 4252 lib.
261 4203 296 4252 ix.
309 4219 361 4268 esp.
372 4204 412 4251 to.
429 4212 454 4250 et
468 4201 510 4252 lib.
519 4201 567 4250 xiv.
650 4203 704 4252 102.
722 4200 896 4265 Cercyrosqroed
916 4199 1048 4265 Kipsoupos
1062 4197 1113 4262 Op-
