2806 5018
190 317 256 384 tus
588 315 845 384 EXCURSUS

191 491 252 558 boe
281 489 470 576 eognomine
499 491 698 576 designatam
728 490 903 554 Fortunam
932 490 1237 564 bonam,‘t'austan.

190 595 328 669 felioern,
356 614 456 677 quum
485 597 519 656 e't
548 595 663 659 mulam
689 595 864 659 Fortunam
893 614 912 656 a
937 592 1096 658 Romania
1122 593 1237 659 cultam

190 697 339 771 sciamus,
365 705 399 759 et
428 716 595 779 perperam
621 698 719 782 igitur
742 679 872 781 ipuidam
900 694 1034 760 Fortem
1061 694 1237 761 Fortunam

187 821 294 865 eurum
317 821 433 864 eoecum
458 820 530 863 esse
555 801 678 864 dixere.
725 800 815 863 Idem
840 806 890 862 eet
912 807 1062 863 constans
1088 799 1238 883 loquendi

189 922 265 968 usus
287 902 320 966 in
343 902 464 965 “sorte
482 901 635 966 fortuna’'
658 903 743 986 quod
765 903 806 966 de
828 923 864 965 re
886 901 990 984 aliqua
1014 901 1149 977 dieitur,
1170 923 1235 986 que

190 1025 266 1069 oasu
287 1004 428 1089 quidem,
450 1005 507 1067 sed
530 1004 668 1068 feliciter
690 1004 780 1068 nobis
797 1003 929 1086 obtigit3
950 1003 1026 1066 Ter.
1050 1003 1143 1068 Eun.
1161 1002 1235 1067 I.ii.

188 1107 252 1182 54,
279 1106 402 1190 Heoyr.
429 1103 499 1168 Ill.
524 1105 568 1168 iii.
591 1105 652 1177 26;
682 1115 716 1170 et
739 1105 765 1169 si
792 1116 905 1188 postea
927 1104 1030 1188 primo
1054 1127 1138 1170 casu
1161 1106 1235 1170 Fore

190 1208 335 1273 Fortuna
356 1207 495 1271 occurrit
516 1206 691 1288 (Phormio,
711 1205 745 1269 V
763 1207 816 1270 .vi.
836 1207 880 1285 l.)
903 1215 940 1270 ut
958 1207 1021 1290 ipsi
1038 1207 1235 1290 grammatiui

189 1312 354 1384 adnotant,
373 1309 492 1393 ubique
514 1310 719 1393 eodemque
745 1309 821 1383 dixi,
841 1330 937 1372 sensu
957 1308 1003 1372 fit.
1052 1309 1179 1375 Donat.
1198 1309 1233 1373 ad

187 1411 209 1478 1.
230 1433 258 1475 o.
280 1411 429 1474 Fortuna
450 1410 538 1474 dioto
559 1419 606 1473 eet
626 1411 749 1474 incerto
769 1433 830 1485 res,
852 1410 935 1474 Fors
944 1410 1094 1495 fortuna
1114 1420 1234 1476 rnatu

177 1513 329 1599 sortuuae
351 1513 457 1576 bouus.
503 1511 654 1578 Fortasse
678 1513 802 1596 primus,
822 1533 914 1578 casus
936 1513 1033 1586 Fors,
1063 1512 1128 1577 hoe
1153 1534 1231 1577 nexu

188 1615 316 1678 demum
343 1636 362 1678 a
387 1634 464 1676 cusu
491 1622 584 1677 sexto
601 1614 695 1699 sorte
710 1613 863 1699 fortuna,
888 1614 944 1697 qui
968 1615 1103 1698 proprie
1128 1625 1230 1680 erata

176 1715 439 1802 sortirsortuuu,
456 1717 617 1800 petendus
631 1725 691 1779 est.

228 1816 442 1883 20.v1.793.
464 1819 606 1901 Tempus
624 1817 709 1881 idem
729 1824 822 1882 utitur
838 1819 915 1882 sedis
937 1817 1046 1893 habet,
1065 1828 1132 1884 eto.
1177 1819 1224 1884 Li·

72 1936 73 1940 ’
185 1920 316 1994 brarios,
334 1921 389 2004 qui
412 1921 448 1983 Τ.
469 1920 644 1985 turturis
664 1928 735 1982 erut
758 1929 974 2003 reposuerant,
991 1919 1062 2003 jam
1083 1921 1167 1985 bene
1185 1942 1226 1983 re·

184 2024 303 2090 stiterit
319 2021 582 2097 Heinsius,haue
598 2021 768 2108 lectionem
782 2030 907 2106 exopt.
922 2019 1223 2108 oodd.adprubtus

185 2125 286 2191 Haud
307 2123 373 2189 scio
391 2145 430 2187 an
449 2122 526 2188 satis
538 2122 605 2206 jem
626 2144 647 2187 a
666 2123 880 2208 grammaticis
898 2133 1091 2210 annotatum
1109 2125 1151 2190 sit
1168 2145 1225 2189 mo·

184 2236 328 2292 mentum
346 2225 434 2299 iilud,
453 2226 538 2308 quod
554 2225 636 2288 bene
651 2225 693 2289 ad
715 2223 793 2289 hunc
815 2225 985 2290 lectionem
1006 2227 1223 2292 stabiliendam

184 2328 272 2402 feeit,
288 2328 432 2412 plurima,
448 2327 516 2390 soii.
534 2327 632 2390 verba
647 2324 762 2390 Latina
776 2334 812 2390 et
826 2325 953 2401 Graeo'a,
970 2329 1078 2393 vocali
1097 2329 1224 2395 breviin

184 2429 310 2513 longam
335 2430 501 2511 producta,
520 2428 782 2512 significationem
803 2451 892 2493 suam
914 2430 1053 2495 activam
1077 2432 1112 2495 in
1134 2431 1224 2516 parri·

184 2551 255 2594 uam
268 2538 302 2594 et
316 2531 454 2593 mediam
471 2540 593 2593 mutare
609 2529 723 2594 solere.
755 2530 913 2614 Exempla
926 2531 959 2594 in
972 2541 1125 2616 promptu
1140 2541 1224 2597 eunte

182 2633 259 2696 Act.
275 2641 432 2704 estuare,
446 2654 516 2695 cum
534 2631 721 2715 reduplicat.
737 2633 850 2696 sistere
866 2633 1002 2711 (stetten)
1015 2635 1106 2702 uude
1121 2640 1222 2705 stttor.

180 2736 238 2818 qui
253 2735 353 2806 sistit;
372 2743 498 2807 stttum,
514 2734 536 2798 i.
549 2756 578 2797 e.
595 2734 819 2810 constitutum
841 2735 956 2807 stetim,
973 2735 995 2798 i.
1010 2756 1043 2800 e.
1061 2758 1137 2801 mox
1151 2735 1223 2818 (rid.

185 2837 304 2900 Donat.
322 2837 362 2899 ad
383 2836 458 2898 Ter.
478 2836 606 2899 Phorm.
625 2835 668 2899 V.
686 2837 730 2899 iii.
748 2838 780 2900 7.
803 2839 887 2920 quod
910 2859 987 2902 uere
1007 2839 1218 2910 observatum,

179 2939 244 3002 etsi
259 2937 420 3002 interdum
439 2939 620 3020 neglectum
638 2946 688 3001 est
696 2942 719 3016 ;)
740 2939 826 3002 Med.
845 2949 938 3013 sture,
957 2961 993 3005 se
1015 2942 1133 3006 'sistere
1154 2948 1220 3021 (rte-

177 3040 272 3119 lum)
291 3049 438 3113 staturus,
459 3040 581 3111 stetim,
604 3040 625 3101 i.
647 3061 677 3103 e.
687 3039 850 3121 firmiter:
873 3041 936 3104 vid.
961 3041 1085 3107 Donat.
1107 3045 1128 3107 l.
1147 3066 1175 3107 o.
1191 3053 1220 3106 et

181 3143 307 3226 proprie
323 3151 429 3215 stator,
447 3143 470 3204 si
492 3151 542 3205 est
559 3142 579 3202 i.
596 3162 627 3224 q.
645 3152 742 3215 stans,
760 3143 815 3226 qui
832 3144 947 3217 adstat,
966 3166 997 3207 v.
1014 3166 1045 3208 e.
1062 3147 1217 3218 deservo,

179 3254 217 3308 ut
231 3266 329 3328 saepe.
365 3244 491 3308 Falsum
508 3244 605 3326 igitur
620 3246 799 3326 prosodiam
815 3246 948 3311 arbitror
958 3246 990 3310 in
1009 3246 1121 3330 Priap.
1135 3248 1217 3314 lita

176 3346 253 3411 Jam
270 3348 405 3430 primum
421 3349 514 3410 auur
530 3345 578 3409 hie
597 3345 792 3420 libidinosus,
809 3348 862 3409 ubi
880 3357 980 3412 stator
997 3369 1073 3414 esse
1093 3349 1218 3415 deberet

180 3449 316 3533 Priapus
331 3450 471 3523 adstans,
488 3470 560 3521 non,
577 3450 633 3533 qui
650 3449 748 3513 sistit.
794 3449 963 3533 Analogiae
982 3472 1082 3515 nausa
1100 3452 1145 3518 ct‘.
1164 3459 1216 3517 aet.

177 3553 317 3634 pendere
329 3551 477 3630 (Ireuhu)
488 3552 519 3615 iu
530 3553 640 3635 speeie
655 3552 766 3618 libram
780 3553 1083 3634 suspeuderesinde
1097 3554 1215 3619 soluere.

177 3652 255 3716 ned.
274 3654 423 3735 pendere,
439 3676 627 3736 suspensum
645 3676 716 3718 esse
732 3654 892 3741 (lui-rupen.)
929 3656 1005 3721 Act.
1014 3657 1122 3736 jocio,
1140 3655 1213 3720 med.

163 3753 271 3833 jaceo,
283 3753 389 3834 jactus
405 3777 473 3821 sum
489 3757 613 3841 (liepeu)
629 3765 690 3820 aet.
705 3766 825 3839 parere,
838 3758 1019 3839 producere
1034 3762 1213 3845 (ermque)

173 3860 296 3936 perere,
321 3855 464 3935 produci,
488 3857 703 3937 (eraclreiueu.)
753 3857 877 3924 Eodem
902 3860 998 3922 modo
1024 3860 1146 3933 Greci,
1169 3858 1211 3922 obi

174 3955 296 4037 duplex
322 3955 422 4018 forma
446 3968 504 4030 est,
529 3959 628 4021 altera
651 3959 823 4033 transitiva,
844 3960 945 4022 altera
968 3961 1129 4026 intransit.
1152 3982 1209 4044 pro

172 4056 265 4119 sodia
282 4055 337 4119 has
358 4058 553 4142 distinguere
574 4060 694 4122 solent:
717 4083 747 4124 v.
765 4084 793 4123 o.
810 4067 911 4139 περάσω
926 4065 1053 4126 transit.
1073 4072 1106 4144 (a
1123 4064 1210 4129 brev-i

175 4168 268 4221 trous
289 4181 374 4221 mure
397 4160 485 4235 duco,
507 4161 604 4224 vendo
626 4161 725 4239 (unde
751 4165 898 4240 πιπράσκω)
921 4171 1037 4243 κεράσω,
1062 4166 1207 4230 intransit.
