2806 5018
223 309 226 315 ’
313 350 378 415 lau
607 345 647 442 r.
670 343 833 411 ovmrr
856 343 1069 412 ursonis

316 521 582 615 Laudatasque
596 527 728 592 tenent
741 528 848 592 natas
861 546 870 603 ;
899 531 1084 616 scutoque
1099 529 1280 617 nepotem

367 636 456 710 Fert
473 660 585 709 avus:
602 634 674 706 'hic
693 636 790 706 scuti
809 633 955 706 dulcior
968 658 1060 707 usus
1078 643 1173 706 erat.
1272 639 1276 645 ’

315 751 411 824 Inde
425 751 538 836 diem,
559 774 643 846 quae
659 750 790 848 prima,
811 771 914 821 meas
932 748 1123 821 celebrare
1142 747 1335 823 Kalendas

366 865 561 938 OEbalides
580 875 718 938 matres
737 887 811 936 non
829 863 910 936 leve
928 886 1064 936 munus
1082 864 1241 937 habent.
1263 878 1266 882 ⁴
1290 869 1356 936 230

317 982 390 1066 Ari,
410 983 511 1078 quia,
531 979 714 1053 committi
732 977 871 1051 strictis
890 977 1131 1051 mucronibus
1150 1003 1269 1064 ausae,

367 1097 557 1170 Finierant
575 1091 752 1191 lacrymis
767 1093 907 1166 Martia
924 1094 1026 1167 bella
1043 1095 1146 1168 suisl

316 1213 399 1300 Vel,
420 1213 521 1310 quod
540 1222 620 1285 erat
633 1213 682 1285 de
700 1235 760 1283 me
778 1210 935 1283 feliciter
951 1209 1022 1283 Ilia
1040 1220 1181 1295 mater3

365 1329 456 1403 Rite
469 1330 597 1402 colunt
614 1337 753 1400 matres
771 1350 890 1413 sacra,
908 1326 1087 1423 diemque
1104 1349 1249 1399 meum.
1291 1328 1356 1398 234

315 1442 443 1528 Quid?
468 1442 570 1539 quod
597 1442 730 1527 hiems,
750 1441 933 1538 adoperta
949 1441 1048 1537 gelu,
1072 1465 1173 1514 nunc
1197 1441 1357 1538 denique

366 1556 417 1630 Et
434 1567 593 1654 pereunt
609 1555 719 1628 victae
737 1556 817 1629 sole
834 1566 988 1653 tepente
1006 1555 1124 1629 nives.
1232 1557 1355 1653 [cedit

315 1671 523 1745 Arboribus
542 1672 701 1744 redeunt
714 1671 885 1744 detonsae
903 1671 1038 1768 frigore
1056 1671 1235 1746 frondes:

366 1786 565 1883 Uvidaque
585 1812 606 1860 e
625 1799 755 1861 tenero
773 1789 929 1886 palmite
947 1811 1097 1882 gemma
1114 1797 1253 1861 tumet.
1323 1774 1330 1787 ’

317 1901 490 1999 Quaeque
507 1902 573 1974 din
587 1903 709 1989 latuit,
724 1927 824 1976 nuuc
844 1928 897 1990 se,
914 1927 991 2000 qua
1002 1903 1112 1977 tollat
1128 1901 1167 1974 in
1186 1926 1311 1990 auras,

367 2018 514 2091 Fertilis
532 2019 700 2092 occultas
716 2018 857 2094 invenit
874 2018 991 2090 herba
1008 2018 1099 2090 vias.
1289 2021 1356 2090 240

316 2134 351 2207 N
356 2160 428 2208 unc
444 2133 627 2208 secundus
646 2140 757 2230 ager:
788 2133 935 2232 pecoris
953 2157 1053 2206 nunc
1071 2134 1164 2206 hora
1181 2134 1353 2208 creandi:

367 2250 403 2322 N
406 2274 479 2322 unc
498 2251 574 2322 avis
593 2252 631 2321 in
650 2273 752 2322 ramo
769 2259 872 2322 tecta
889 2250 1081 2344 laremque
1099 2259 1221 2347 parat.

289 2505 292 2511 ·
314 2481 811 2549 Lacedemouiis,quorumreruntiquissi·
862 2485 972 2534 currebat
995 2483 1077 2539 etiam,
1099 2491 1195 2532 auctore
1218 2481 1357 2535 Columellt.

315 2555 479 2604 musOEboinr.
509 2555 571 2603 Vide
582 2556 612 2604 ad
624 2556 640 2604 i.
648 2560 706 2606 260.
862 2557 991 2607 identidem
1002 2573 1044 2622 per
1054 2566 1129 2605 totum
1141 2557 1268 2606 Martium.
1304 2557 1357 2604 Per·

347 2629 406 2676 231.
423 2629 448 2677 Si
467 2629 539 2694 paulo
556 2639 610 2678 ante
629 2634 682 2679 inde
698 2632 811 2698 interpre·
862 2644 917 2680 eunt
928 2636 1001 2686 victe,
1019 2632 1163 2695 liquescunt,
1179 2631 1357 2679 contabescunt.

314 2701 379 2756 turis,
394 2711 526 2767 propterea,
544 2702 567 2749 bi
585 2703 632 2751 duo
649 2721 730 2753 versus
742 2708 812 2753 An—
864 2706 944 2753 Perire
955 2705 989 2753 sic
999 2705 1029 2753 de
1039 2704 1132 2753 nivibus
1143 2704 1216 2752 etiam
1228 2702 1356 2759 Plinius,l.

314 2779 360 2823 suis
369 2776 442 2823 otiose
457 2775 531 2824 additi
542 2787 606 2825 sunt.
635 2778 720 2826 Malim
732 2780 811 2843 igitur,
862 2779 907 2842 Ep.
924 2795 963 2826 xv.
984 2779 1007 2824 2.
1052 2778 1117 2825 Bene
1142 2780 1240 2825 detonsae
1259 2777 1359 2841 frigore·

315 2853 376 2905 inde,
388 2850 418 2896 ab
433 2849 474 2897 illo
491 2858 605 2915 tempora.
639 2853 695 2899 lam
710 2852 749 2899 hic
767 2852 810 2900 du·
862 2852 990 2916 presertim
1012 2867 1085 2915 quum
1106 2850 1201 2899 frondes
1222 2866 1288 2915 sepe
1307 2865 1359 2898 cum

313 2922 383 2979 bitat,
401 2932 477 2970 utrum
494 2923 518 2970 id
535 2924 622 2971 lactum
637 2926 675 2978 sit,
687 2925 743 2988 quia
759 2942 810 2973 mu·
862 2939 931 2971 coma
950 2935 1121 2990 comparentur.
1143 2932 1158 2952 “
1170 2925 1251 2973 Tonse
1269 2923 1358 2973 olive-'⁸

313 2996 383 3044 lieres
394 2999 509 3051 committi,
518 3005 566 3044 etc.
575 3013 605 3044 an
613 3007 707 3061 propter
713 2998 810 3046 Romuli
863 2997 949 3060 virgil.
962 2999 1049 3061 Georg.
1064 2997 1099 3044 iii.
1110 2999 1150 3045 20.
1185 2998 1269 3046 Herbe
1285 2999 1358 3046 incre·

314 3081 407 3135 partum
428 3086 457 3118 ex
479 3070 534 3118 Ilia.
575 3070 669 3118 Etenim
690 3090 720 3118 un
742 3072 811 3135 pauci
862 3079 942 3118 menta
963 3071 1066 3118 suaviter
1091 3070 1219 3134 descripte.
1255 3071 1358 3120 Oecutns

314 3153 406 3192 tautum
424 3144 494 3192 MSS.
506 3144 609 3203 habent;
626 3145 704 3192 ceteri
716 3156 757 3191 uut
770 3160 810 3191 ex·
862 3144 915 3192 illas
933 3148 980 3192 viar
996 3144 1062 3207 Virg.
1079 3144 1167 3207 Georg.
1178 3143 1196 3192 i.
1209 3145 1252 3193 89.
1268 3152 1286 3172 “
1298 3160 1358 3194 αα

314 3217 403 3265 bibent.
439 3219 562 3272 conmitti,
581 3233 607 3265 se
621 3217 775 3273 committere,
787 3234 811 3264 se
861 3218 1023 3281 spiramenta'’
1035 3227 1112 3273 vocat,
1121 3234 1268 3282 quamquam
1280 3231 1305 3268 et
1314 3224 1358 3267 vtes

313 3289 399 3338 inferre
415 3289 474 3337 iuter
489 3290 581 3337 strictos
595 3289 696 3353 gladios.
730 3291 809 3346 Sacra,
861 3300 932 3354 atque
944 3309 1020 3339 venas.

247 3363 254 3372 '
312 3366 414 3424 diemque
431 3364 624 3426 menm,primurn
638 3363 724 3410 mensis
741 3380 753 3410 a
772 3380 809 3411 me
893 3367 950 3414 241.
969 3367 1083 3430 Calpurn.
1095 3366 1148 3413 Fael.
1161 3383 1184 3414 v.
1194 3367 1237 3413 22.
1248 3366 1278 3415 de
1290 3383 1357 3417 verno

313 3436 371 3482 dicti
389 3435 460 3489 diem,
477 3451 524 3498 quo
542 3435 600 3482 mihi
618 3451 684 3483 sacru
700 3436 750 3483 fieri
768 3436 809 3484 de·
860 3448 977 3503 tempore:
990 3445 1006 3466 “
1016 3440 1083 3486 Tunc
1094 3432 1177 3487 Veu'us
1186 3450 1211 3487 et
1219 3440 1356 3489 calidisein

311 3508 378 3555 beut.
413 3507 545 3554 Secundam
561 3508 632 3571 igitur
650 3524 746 3557 causam
762 3525 809 3556 uuo
859 3512 921 3559 tillat
937 3514 1012 3561 lervor
1026 3512 1357 3579 amoris‚Lascivumquepe·

312 3595 380 3628 versu
392 3579 479 3642 attigit.
859 3600 901 3632 cus
912 3586 1023 3634 salientes
1033 3586 1121 3649 accipit
1134 3585 1242 3634 hircos.”
1276 3588 1357 3636 went

345 3655 401 3701 2³5.
417 3654 497 3701 Tertia
511 3669 601 3702 causa:
621 3663 636 3682 “
649 3655 764 3720 Tempore
776 3657 809 3704 le·
860 3660 931 3706 etiam
950 3661 1034 3724 apibus
1049 3659 1132 3708 tribuit
1144 3661 1212 3724 Virg.
1223 3663 1314 3727 Georg.
1325 3662 1356 3711 ir.

312 3727 390 3776 cnudo
401 3744 454 3792 pars
465 3738 501 3776 est
511 3737 630 3776 matronas
641 3729 809 3778 secunditatem
860 3733 901 3779 ta.
913 3743 937 3780 et
951 3744 1043 3795 penates
1053 3749 1102 3780 ver.
1116 3736 1171 3782 155.
1200 3735 1307 3788 Quom
1318 3740 1357 3783 mi·

312 3803 422 3868 precibus
432 3819 558 3868 exposcere
575 3805 720 3852 aJunone.'’
747 3805 808 3852 Cum
859 3808 999 3861 litiumetc.
1025 3808 1357 3874 'l'aubnerplicattquerum

312 3876 357 3924 lrao
373 3891 449 3923 rernm
465 3876 634 3923 vicissitudinis
651 3875 808 3942 descriptione
857 3881 933 3942 proles
944 3881 982 3928 vel
994 3880 1075 3928 militis
1091 3881 1169 3929 officio
1186 3883 1309 3947 iungatur,
1320 3883 1357 3931 vel

236 3972 240 3976 -
311 3951 342 4000 cl.
360 3951 377 3997 i.
397 3953 439 3998 151
457 3967 510 4013 sqq.
544 3952 656 4010 ddrperta
673 3953 736 4014 gelu,
756 3950 808 4014 gla·
858 3953 996 4010 sacerdotio,
1008 3954 1059 4002 sive
1071 3957 1134 4012 votis,
1145 3965 1247 4020 oportet.
1282 3957 1357 4004 Immo

310 4023 562 4086 ciulisVirg.dicitur.
592 4023 807 4086 lliemsjamFebr.
856 4037 1029 4087 perluamus
1047 4027 1165 4092 pariendi,
1183 4045 1256 4092 quern
1275 4045 1359 4079 uxores

311 4096 349 4144 die
376 4097 475 4160 septimo
495 4099 572 4143 cedere
598 4097 745 4152 credebatur,
766 4099 808 4146 sed
858 4100 882 4146 in
894 4101 954 4149 votis
973 4101 1068 4157 habeut,
1079 4111 1104 4149 et
1120 4102 1144 4149 iu
1160 4118 1208 4166 quo
1218 4106 1304 4152 multia
1320 4118 1357 4153 et·

309 4185 373 4236 sape
389 4170 540 4229 recurrebet3
558 4169 582 4216 ii.
602 4171 654 4219 150.
668 4172 724 4220 854.
758 4172 807 4220 Re·
858 4189 909 4222 rum
921 4176 997 4238 (conl.
1008 4175 1032 4224 ii.
1044 4175 1081 4237 9.)
1093 4175 1208 4224 cernitur.
