2806 5018
389 382 444 447 IN
467 384 629 451 OVIDII
652 383 771 450 IBlN.
1042 387 1108 452 523

58 555 123 624 tur,
150 549 323 616 Crassitius
351 553 577 636 grammaticus
606 554 843 621 Commentario
873 557 1046 632 luculento,
1071 540 1106 620 in

56 649 164 733 ipsum
179 652 277 726 odito,
291 654 372 717 adeo
386 655 544 730 inclaruit,
561 666 599 720 ut
613 656 673 721 boc
688 657 885 741 epigramma
899 659 941 722 de
956 680 995 722 eo
1011 658 1107 742 scrip-

58 759 130 817 tum
144 752 196 827 sit,
212 761 295 816 teste
313 755 478 830 Suetonio,
495 755 573 819 libro
585 757 626 820 de
643 757 817 823 illustribus
833 758 1077 825 Grammaticis:

178 869 239 928 Uni
253 871 391 931 Crassitio
403 892 434 931 se
448 872 561 932 credere
575 873 700 952 Smyrna
712 877 859 955 probavit:

215 963 360 1033 Desinite,
374 966 492 1034 indocti,
507 968 638 1045 conjugio
650 968 725 1027 hanc
735 981 842 1048 petere·
978 960 982 969 ⁸

176 1055 238 1117 Soli
252 1058 390 1117 Crassitio
402 1079 433 1119 se
447 1059 523 1118 dixit
535 1061 644 1120 nubere
656 1061 741 1132 velle,

215 1150 325 1211 Intimu
338 1153 385 1210 cui
397 1153 450 1213 soli
463 1164 531 1212 notu
543 1175 595 1213 sua
608 1157 783 1216 exstiterint.

57 1255 229 1340 Smyrnam
248 1271 356 1326 autem
376 1265 527 1328 novennii
548 1286 629 1348 opus
648 1265 746 1330 luisse
763 1264 910 1330 Catullus
928 1272 962 1328 ct
978 1264 1104 1344 Quinti-

55 1357 162 1423 lianus
175 1363 402 1444 prodiderunt:
420 1388 483 1449 quo
499 1365 634 1430 fortasse
645 1369 790 1450 respexit
802 1367 958 1434 Horatius
972 1367 1005 1430 iu
1020 1367 1104 1450 cpis-

55 1457 123 1523 tola
151 1462 191 1525 ad
221 1463 369 1540 Pisones,
398 1488 496 1550 quum
526 1468 684 1551 praecipit,
713 1469 865 1533 duratura
893 1477 1043 1552 poemata
1071 1467 1104 1533 ln

55 1580 176 1625 nonum
191 1584 308 1630 annum
326 1569 501 1650 premenda
521 1589 602 1631 esse.
648 1569 722 1633 Nec
738 1571 907 1645 omiserim,
925 1568 1105 1652 antiquissi-

54 1681 126 1725 mos
142 1673 253 1746 poetas
266 1668 306 1730 de
318 1669 474 1732 industria
486 1669 710 1737 obscuritatem
722 1672 900 1747 affectasse,
913 1679 950 1734 ut
958 1668 1105 1753 AEschyli

54 1764 243 1833 scholiastes
266 1773 389 1835 notavit
411 1773 452 1835 ad
474 1783 554 1849 npp.
568 1779 644 1849 δεσμ.
670 1776 717 1840 his
738 1776 861 1839 verbis:
883 1785 917 1835 ot
938 1780 1044 1834 παλαιοὶ
1067 1781 1106 1834 τὰ

52 1871 191 1943 ποιήματα
210 1881 294 1931 arisbe
310 1885 404 1952 πρῶτον
422 1879 470 1952 μὲν
490 1884 628 1955 αἰνίγμασι
647 1883 823 1957 γεγράφασιν,
837 1882 942 1954 ὕστερον
955 1876 981 1933 δὲ
994 1875 1102 1932 καθόλου

53 1971 425 2046 submersum

435 2286 721 2360 OAPUTIL

176 2490 360 2534 GERMANUS
374 2492 455 2534 HUlC
470 2492 637 2536 OPUSCULO
653 2491 794 2534 'l'lTULUS
810 2489 982 2533 essemus

56 2651 465 2746 Annvmsrrnnsrs
487 2684 585 2746 euno
609 2683 706 2756 assa,
723 2682 819 2745 moso·
840 2680 967 2763 pumice
983 2676 1107 2742 valerii

57 2781 211 2864 expolita,
226 2782 285 2844 boc
308 2783 400 2845 titulo
423 2783 655 2855 circumfertur,
673 2782 713 2845 P.
732 2781 842 2844 Ovidii
859 2780 998 2843 Nasonis
1014 2779 1105 2842 Dirae

58 2880 91 2945 in
115 2881 200 2958 Ibin,
224 2885 491 2966 quemadmodum
512 2883 678 2966 egregium
697 2880 775 2944 illud
799 2881 991 2963 poemation,
1015 2880 1107 2962 cujus

58 2993 203 3049 autorem
224 3007 296 3050 esse
311 2985 478 3048 Valerium
500 2984 657 3048 Catonem
681 2982 922 3065 grammaticum
944 2981 1106 3063 perspica-

59 3087 163 3151 ciores
176 3089 368 3152 existimant.
414 3086 537 3149 Verum
553 3108 593 3150 ne
611 3085 666 3149 Dii
686 3085 801 3159 sinant,
818 3092 853 3146 ut
870 3084 911 3146 ab
929 3080 1106 3165 epigraphe

58 3198 193 3274 receptu
214 3191 430 3261 deflectamus,
451 3188 510 3251 nisi
532 3187 628 3250 libros
647 3207 755 3249 omnes
777 3193 845 3247 tum
869 3202 1017 3257 excusos,
1036 3191 1105 3245 tum

58 3301 208 3357 exaratos
224 3291 330 3355 valere
349 3290 538 3374 jubeamus:
562 3289 622 3352 uisi
639 3288 779 3369 denique
799 3284 922 3348 Nasoni
940 3283 1001 3366 ipsi
1017 3283 1105 3346 affin·

57 3415 184 3479 gamus,
201 3393 255 3477 qui
269 3415 304 3456 se
318 3391 376 3455 boc
394 3392 593 3475 opusculum,
606 3389 763 3453 Libellum
778 3389 809 3450 in
822 3386 894 3449 Ibin
908 3385 1106 3468 inscripsisse

57 3496 182 3579 liquido
198 3503 334 3559 testatur
348 3517 415 3558 ver.
432 3495 484 3568 51,
500 3494 532 3556 in
544 3493 628 3557 hunc
641 3492 788 3555 modum:

178 3633 220 3692 Et
233 3654 327 3711 neque
341 3654 445 3692 nomeu
458 3635 489 3690 in
503 3635 565 3701 hoc,
579 3653 632 3692 nec
645 3632 737 3691 dicam
751 3633 828 3690 facta
840 3629 957 3700 libello;

58 3757 175 3818 iterum
193 3772 287 3814 versu
302 3750 384 3813 461:

179 3869 252 3928 Haec
265 3870 320 3928 tibi
332 3869 473 3946 tantisper
486 3867 582 3926 subito
595 3877 662 3925 sunt
676 3867 761 3925 misse
773 3865 890 3936 libello;
985 3938 987 3943 1

58 4025 125 4088 qua
148 4003 287 4066 dictione
312 4003 470 4085 poematia
484 4023 622 4085 quaeque
641 4002 769 4084 proprie
788 4002 1005 4085 designantur.
1052 3999 1106 4062 Sic

59 4106 146 4171 enim
162 4104 327 4168 Ausonius
344 4103 502 4187 Griphum
519 4125 609 4167 suum
626 4105 667 4166 de
677 4104 831 4168 Ternario
846 4123 977 4166 numero
992 4100 1106 4182 indigi-
