2806 5018
173 352 237 418 362
571 349 827 418 EXCURSUS

219 524 434 589 Peculiarinm
455 532 563 587 autem
584 525 735 588 librorum
755 525 831 587 dats
848 542 945 606 opera
962 521 995 583 in
1014 519 1108 585 fastis
1124 517 1215 601 expli·

176 627 286 692 caudis
310 625 505 690 versantium
528 626 637 709 plures
658 633 806 688 auctores
827 623 990 699 babemus,
1009 641 1150 706 quornm
1169 640 1215 683 no-

175 729 276 793 titiam
303 729 480 812 praesertim
504 727 669 792 Macrobio
694 737 729 791 et
750 728 850 791 Festo
874 725 1088 799 debebamus,
1112 722 1216 807 quibus

177 852 260 895 nunc
288 830 482 895 Laurentius
510 829 622 914 Lydus
650 830 787 893 accedit
837 829 966 913 Agmen
993 846 1120 901 eornm,
1148 844 1217 910 qnos

174 933 328 1007 novimus,
344 933 432 997 ducit
452 953 567 1013 nomep
588 931 621 995 in
642 931 798 995 historicis
818 939 853 995 et
871 929 1061 1013 antiquariis
1080 928 1213 992 celeber·

175 1035 289 1098 rimnm
308 1034 439 1099 Cincius
453 1034 653 1106 Alimurr
674 1043 835 1118 postcom
851 1052 937 1117 saepe
952 1032 1107 1096 laudatur
1120 1033 1154 1095 in
1167 1029 1216 1094 boo

176 1136 273 1200 etiarn
290 1158 420 1221 genere,
438 1136 607 1200 Masurius
623 1135 772 1209 Sabinus,
787 1136 1014 1200 celeberrimus
1034 1133 1093 1198 ille
1109 1132 1217 1205 scta,

177 1248 211 1302 et
228 1260 301 1321 quae
321 1240 488 1322 utriusque
508 1238 670 1322 scriptoris
692 1247 823 1302 exstant
842 1238 1034 1324 fragmenta,
1051 1247 1124 1301 tum
1141 1235 1215 1320 qnod

176 1340 217 1404 ad
239 1340 393 1404 Ovidium
413 1341 589 1405 arctissime
610 1340 783 1424 pertinent,
806 1348 875 1403 tum
898 1340 938 1403 ob
954 1339 1074 1424 judicii
1091 1357 1215 1423 acumen

176 1451 211 1506 et
225 1441 366 1505 criticam
382 1444 414 1507 in
430 1441 591 1506 veteribus
608 1441 777 1516 insolitam,
795 1451 861 1505 tum
876 1443 917 1505 ab
933 1442 1138 1526 antiquitatis
1151 1441 1215 1504 doo-

177 1545 301 1617 trinam,
312 1545 425 1608 merito
438 1544 631 1607 desiderium
643 1542 753 1607 boram
765 1543 916 1607 librorum
928 1544 1091 1628 injiciunt.
1123 1542 1214 1614 Fati,

178 1666 258 1729 qnos
289 1647 330 1710 L.
351 1646 480 1710 Cincius
511 1646 689 1710 Alimentus
723 1646 920 1719 condiderat,
955 1646 1053 1710 Fabii
1088 1643 1216 1709 Pictoris

177 1748 308 1831 equalis
329 1749 407 1827 (vid.
423 1747 517 1812 Voss.
540 1750 581 1812 de
600 1748 673 1811 bist.
696 1747 829 1822 Latinis,
846 1771 879 1831 p.
893 1747 962 1823 26.)
981 1769 1003 1810 a
1023 1748 1121 1812 Liria
1137 1766 1216 1830 sape

175 1846 335 1923 laudatus,
359 1858 394 1912 et
419 1871 542 1934 magnae
565 1851 651 1933 apud
674 1871 747 1913 enm
769 1850 965 1913 auctoritatis
989 1849 1169 1933 prasertim
1188 1848 1216 1912 in

128 1954 132 1959 ’
177 1953 272 2017 rebus
293 1953 479 2037 antiquariis
504 1962 545 2037 (“
565 1954 721 2017 maximus
744 1964 855 2016 auctor
867 1953 883 1980 ”
906 1961 941 2016 et
963 1952 1060 2016 alibi:
1087 1951 1216 2037 diligens

177 2054 290 2120 talium
311 2066 586 2120 monumentorum
605 2063 725 2129 auctor,
742 2054 799 2117 ubi
814 2056 856 2118 de
873 2075 957 2118 omre
970 2052 1217 2119 Volsiniensium

176 2158 303 2222 solemni
326 2179 430 2222 sermo
457 2159 520 2234 est)
545 2165 617 2240 post
643 2155 842 2219 Macrobium
867 2156 901 2239 (i.
927 2154 980 2220 12.
1003 2165 1040 2218 et
1064 2156 1168 2231 alibi)
1186 2163 1217 2219 et

180 2257 315 2323 Festum
336 2260 415 2342 (vid.
435 2259 507 2323 Ind.
531 2259 564 2323 in
587 2260 639 2322 ed.
662 2259 867 2336 Dacieriana)
886 2281 905 2322 a
925 2259 1019 2345 Lydo
1036 2261 1217 2332 recitantur,

179 2360 235 2423 ubi
253 2360 333 2425 liber
349 2365 406 2442 περὶ
426 2368 515 2443 ἑορτῶν
536 2383 599 2425 non
619 2370 726 2444 potest
745 2382 808 2425 non
827 2362 913 2425 idem
931 2383 1014 2426 esse.
1038 2362 1218 2446 (Lydmp.

178 2460 222 2524 90
244 2470 278 2525 et
302 2463 390 2539 125.)
417 2462 524 2527 Effata
549 2464 619 2548 ejus
650 2465 848 2549 antiquitatis
874 2474 908 2528 et
936 2465 1056 2550 linguar
1083 2466 1218 2531 criticam

178 2562 345 2626 scientiam
365 2574 400 2627 et
415 2564 573 2646 judicium
592 2566 760 2630 subactum
780 2567 928 2650 produnt,
947 2575 982 2630 et
1003 2567 1128 2644 multra,
1145 2588 1219 2652 quas

181 2662 317 2728 Ovidius
337 2664 469 2730 exhibet
488 2669 663 2732 sententias
684 2669 716 2732 in
735 2691 770 2733 re
791 2691 848 2732 sua
866 2669 1064 2754 illustranda.
1080 2671 1122 2734 ad
1141 2670 1218 2734 bunc

179 2764 357 2831 relerendae
380 2788 451 2830 esse
470 2769 626 2831 videntur.
674 2769 726 2834 Ita
745 2772 829 2854 apud
850 2770 993 2835 Macrob.
1011 2771 1034 2836 l.
1055 2795 1084 2836 c.
1102 2772 1218 2857 Aprilis

178 2868 296 2930 mensis
318 2890 337 2933 a
359 2868 488 2933 Venere
508 2870 749 2946 derivationem,
771 2874 891 2957 quippe
912 2873 1030 2957 linguae
1051 2875 1220 2939 rationibus

179 2971 368 3035 contrariam
394 2973 444 3035 vel
472 2973 550 3036 hanc
576 2974 617 3036 cb
640 2996 779 3050 causam,
803 2977 889 3059 qnod
912 2974 1053 3040 Veneris
1073 2999 1135 3041 nec
1159 2976 1217 3041 Ro

178 3093 306 3136 manum
321 3095 380 3138 nec
398 3073 549 3138 Graecum
568 3097 682 3140 nomen
699 3098 811 3161 regum
827 3090 971 3162 tempore
986 3086 1098 3142 uotum
1113 3080 1217 3153 fnisse,

179 3185 213 3236 at
232 3175 424 3254 incarmine
448 3177 561 3242 Saliari
584 3180 719 3243 inveniri
741 3181 859 3255 scribit,
881 3181 1012 3266 egregie
1036 3203 1116 3246 sane
1141 3183 1217 3247 reiu-

179 3277 269 3351 tavit,
293 3300 385 3361 aeque
410 3301 447 3342 ac
476 3280 556 3344 Maii
583 3288 617 3342 et
641 3280 664 3344 J
668 3281 731 3344 unii
758 3302 777 3343 a
803 3283 974 3365 majoribus
995 3293 1031 3345 et
1044 3285 1216 3368 junioribus

178 3379 408 3462 explicationes
421 3383 578 3467 vulgares,
591 3384 726 3447 alterum
743 3406 762 3446 a
777 3384 867 3447 Maia
878 3385 950 3458 dea,
963 3383 1113 3461 alterum,
1126 3407 1215 3471 quum

179 3490 212 3542 et
240 3482 414 3564 antiquitus
440 3494 474 3547 et
497 3507 554 3548 suo
580 3494 723 3568 tempore
749 3485 825 3548 alibi
852 3486 1013 3551 Junonius
1044 3488 1215 3561 dicatur,s

176 3582 304 3647 Junone
328 3586 448 3650 dictum
474 3609 545 3650 esse
569 3609 704 3650 censens
726 3588 793 3669 (ubi
819 3588 965 3663 Ovidius,
993 3589 1082 3655 Fast
1107 3593 1149 3655 vi.
1166 3590 1212 3654 61.

178 3704 253 3746 eum
269 3684 463 3751 hauddubie
479 3692 647 3773 respexit.)
691 3690 770 3754 Post
786 3690 868 3754 huno
882 3691 1069 3757 Macrobius
1083 3692 1213 3758 Masurii

177 3785 289 3848 Sabini
304 3793 545 3855 commentarios
562 3792 705 3875 inprimis
726 3792 843 3867 laudat,
861 3794 997 3856 celebris
1017 3796 1077 3858 sub
1093 3795 1209 3859 Tiberio

176 3886 413 3966 Jurisoonsulti‚
429 3891 518 3956 Ateii
534 3894 699 3977 Capitonis
718 3897 855 3959 adscclae
874 3905 908 3959 et
924 3906 1024 3960 sectae
1041 3898 1208 3962 Sabinians

177 3991 314 4052 auctoris
339 3994 418 4075 [rid.
444 3994 482 4058 sr.
505 3996 537 4058 ii.
561 4007 639 4060 sect.
662 3996 715 4061 ⁴8.
742 3997 867 4080 Digest.
894 3999 929 4077 (i.
950 3999 1021 4079 2.)]
1047 3982 1207 4084 quirele

179 4090 291 4156 Persio
310 4103 401 4158 notus
419 4107 485 4159 cst:
509 4097 577 4160 Sat.
597 4121 628 4161 v.
646 4098 701 4161 90.
718 4100 847 4162 Masuri
864 4100 994 4164 rubrica
1011 4111 1112 4165 uetat.
1155 4096 1207 4164 Alli
