2806 5018
528 370 637 436 IBIS.
968 405 975 420 ·
1039 374 1107 440 485

58 537 161 612 Nam
178 564 302 638 neque
321 554 414 637 quot
431 542 541 616 flores
557 543 686 616 Sicula
698 554 901 616 nascautur
914 546 952 617 iu
963 543 1103 644 Hybla,

110 652 258 738 Quotve
275 656 384 743 ferat,
403 657 538 742 dicam,
558 669 657 730 terra
674 657 814 730 Cilissa
830 682 973 733 crocos.

60 768 158 856 Neu,
174 794 292 867 quum
309 772 425 846 tristis
443 774 578 869 hyems
592 772 790 869 Aquilonis
808 773 990 848 inhorruit
1005 776 1090 865 alis,

110 883 235 969 Quam
254 888 373 960 multa
390 888 458 960 fiat
475 888 654 983 grandine
672 911 789 960 canus
807 887 941 963 Athos.

61 999 146 1074 Nec
164 1003 263 1075 mala
275 1027 366 1077 voce
384 1028 467 1077 mea
485 1004 631 1102 possint
642 1016 707 1077 tua
721 1014 859 1077 cuncta
875 1003 1014 1092 referri,
1031 1011 1106 1080 205

113 1114 193 1189 Ora
209 1117 299 1190 licet
315 1119 458 1192 tribuas
476 1119 725 1215 multiplicata
741 1119 843 1192 mihi.

60 1229 136 1303 Tot
152 1231 220 1304 tibi
237 1255 293 1304 vae
310 1232 462 1307 misero!
489 1234 641 1306 veniant
657 1234 829 1330 talesque
846 1233 974 1322 ruinae,
1007 1240 1010 1245 ⁴

114 1345 170 1418 Ut
186 1348 270 1443 cogi
288 1349 325 1420 in
342 1350 527 1447 lacrymas
545 1372 606 1422 me
624 1372 776 1445 quoque
794 1372 906 1446 posse
923 1363 1067 1448 putem.

62 1459 145 1533 Illae
162 1486 224 1536 me
241 1463 417 1562 lacrymae
433 1463 574 1537 facient
588 1463 669 1536 sine
686 1463 760 1537 fine
778 1465 948 1539 beatum:

114 1575 272 1651 Dulcior
290 1577 351 1650 hic
368 1579 445 1650 risu
462 1589 542 1651 tum
556 1578 648 1651 mihi
665 1577 776 1651 fletus
794 1581 878 1654 erit.
1032 1585 1107 1656 210
1133 1615 1135 1619 ’

62 1690 187 1766 Natus
204 1717 246 1767 es
264 1693 414 1781 infelix;
442 1694 495 1767 ita
513 1693 562 1766 Di
579 1695 740 1779 voluere,
760 1719 830 1768 nec
850 1695 926 1768 ulla

114 1806 326 1881 Commoda
342 1809 511 1882 nascenti
529 1808 651 1893 stella,
670 1809 808 1883 levisve
825 1809 909 1883 fuit.

63 1921 153 1996 Non
172 1921 301 1996 Venus
319 1924 482 2010 adfulsit,
502 1949 577 1997 non
595 1925 659 1997 illo
674 1923 698 1997 J
702 1926 851 2023 uppiter
868 1927 981 2003 hora:

116 2037 268 2112 Lunave
286 2064 361 2112 non
378 2052 479 2137 apto,
500 2041 612 2114 Solve
630 2039 735 2114 fuere
751 2041 847 2115 loco.

62 2152 101 2226 N
105 2178 149 2228 ec
168 2155 260 2227 satis
278 2154 417 2228 utiliter
434 2156 577 2253 positos
595 2155 662 2228 tibi
681 2156 841 2252 praebuit
858 2156 977 2252 ignea,
1032 2163 1106 2233 215

116 2267 241 2352 Quem
259 2271 405 2367 peperit
422 2293 568 2367 magno,
588 2270 714 2342 lucida
729 2269 845 2357 Maia,
863 2270 960 2345 Jovi.

61 2382 217 2471 Testem,
226 2409 295 2460 nec
306 2386 515 2483 quidquam
525 2385 716 2483 placidum
726 2388 962 2484 spondentia,
973 2386 1109 2463 Martis

117 2500 251 2575 Sidera
268 2514 496 2599 presserunt,
511 2501 743 2600 falciferique
761 2503 874 2577 senis.

64 2613 152 2688 Lux
171 2641 322 2714 quoque
341 2616 491 2701 natalis,
511 2640 557 2690 na
577 2616 683 2714 quid,
697 2617 767 2690 nisi
785 2617 907 2707 triste,
918 2620 1078 2706 videres,

115 2729 265 2830 Turpis,
284 2741 323 2805 et
339 2731 502 2805 inductis
521 2733 684 2806 nubibus
702 2743 783 2806 atra
798 2733 880 2808 fuit.
1035 2741 1112 2809 220

62 2952 90 2991 et
100 2939 170 3006 copia
181 2939 205 2988 in
216 2939 369 2990 admiratione
380 2949 423 2990 eut.
456 2941 565 2990 Demere
614 2939 813 2998 constitutionem,
824 2942 893 2989 Luna
903 2950 982 2990 autern
993 2942 1113 3006 eorporier

63 3016 163 3078 Lupo.
195 3015 264 3063 Mure
273 3013 389 3080 Libycum
396 3014 461 3063 idern
471 3014 564 3064 Africa·
615 3011 687 3078 quiri
703 3013 771 3061 nulle
783 3015 845 3062 boue
857 3012 990 3062 radiatione
1002 3029 1057 3062 eum
1069 3014 1112 3062 ed·

64 3105 124 3139 nuru
131 3087 277 3149 dictumue
289 3089 436 3153 protenditur
443 3088 565 3153 inAEgyp-
614 3085 745 3135 ecendente·
759 3085 825 3150 signo
844 3095 1018 3150 comparantur,
1034 3085 1112 3151 iprum

63 3164 128 3212 tium
139 3178 213 3227 mque
225 3163 333 3228 pelugur.
363 3162 567 3225 Libycoderrurre.
615 3167 801 3224 quoqueuaturu
814 3156 975 3214 infeliciorem,
987 3157 1113 3222 minusque

64 3237 157 3293 Priuer,
164 3237 243 3302 prode
250 3236 324 3297 muri;
334 3236 410 3285 Caria.
419 3237 461 3284 lib.
468 3236 485 3285 i.
493 3239 567 3286 Dm.
615 3233 746 3282 durabilem
756 3230 1043 3295 futurum.urrrolugorum
1053 3230 1111 3296 dug-

98 3313 158 3360 wl.
176 3311 248 3359 Terre
269 3311 351 3359 cuim
371 3310 466 3373 croam]
498 3310 568 3360 Circe
615 3317 680 3356 meta
690 3306 794 3356 tradunt.
810 3306 908 3352 Mrcru.

65 3383 196 3449 Corycium
222 3383 315 3434 Cilicia
341 3391 446 3432 montem
472 3399 568 3433 erocum
648 3381 705 3429 215.
723 3379 772 3427 Nee
789 3380 844 3426 ratis
861 3376 973 3439 militen]
1000 3374 1114 3424 Mercurii

64 3458 183 3526 optimum
201 3457 310 3514 hebetur,
324 3456 386 3505 inter
402 3466 488 3507 cetera
502 3457 567 3508 elec·
617 3454 684 3504 aidus
699 3451 758 3502 dicit
774 3450 902 3500 admodum
915 3449 1019 3498 humuuo
1032 3447 1114 3512 generi

65 3532 194 3588 tiemmum,
212 3531 245 3580 ibi
273 3531 376 3596 Corycos
401 3546 455 3595 opp.
476 3541 521 3589 est,
543 3541 568 3581 et
616 3529 736 3583 nocivum,
753 3524 773 3574 ri
789 3525 814 3573 in
831 3524 912 3573 Ariete
929 3522 1007 3577 fuerit.
1022 3522 1047 3570 in
1063 3523 1114 3572 Ge·

64 3621 163 3672 mecum
189 3605 292 3655 Crocum
303 3614 382 3654 aurern
390 3604 568 3654 adolescentem
617 3601 696 3656 minis,
706 3600 731 3648 iu
743 3599 844 3654 Cunero,
858 3596 884 3645 iu
895 3593 1031 3660 Sagittario,
1044 3610 1073 3645 ac
1089 3594 1116 3644 iu

65 3681 151 3736 fuine,
162 3679 250 3730 fabule
259 3678 397 3734 ostendunt,
404 3677 429 3726 in
440 3679 521 3728 dorem
530 3680 568 3729 rui
618 3674 769 3739 Capricorno.

66 3753 171 3805 neminie
179 3761 370 3802 transmutatum.
649 3749 706 3797 217.
718 3748 803 3794 Mortis
813 3745 908 3808 ridere]
925 3744 1050 3792 Plauetum
1060 3759 1115 3810 peu·

99 3829 158 3878 204.
167 3827 256 3890 Δάοι]
271 3827 344 3875 Moru
353 3825 480 3875 altissimus
485 3827 569 3876 Mace
617 3823 712 3878 simum,
722 3820 795 3877 belle,
807 3818 987 3874 interneciones,
1000 3828 1025 3866 et
1039 3818 1117 3882 litigia

67 3901 159 3951 donia.
618 3906 697 3956 umar3
711 3903 736 3943 et
745 3892 839 3958 quando
847 3892 948 3957 alicujus
957 3903 1042 3956 praeut
1052 3892 1114 3940 nuti-

101 3976 160 4024 21⁴.
183 3973 280 4021 Lunuve
297 3989 341 4020 non
357 3972 432 4035 apra]
455 3973 507 4022 Hoc
524 3981 568 4030 ert,
619 3969 696 4025 vitati,
708 3968 797 4016 malurn
813 3964 941 4029 significat,
956 3964 1001 4013 nisi
1015 3964 1116 4029 udrpee·

67 4050 136 4099 nullo
146 4047 261 4111 adspectu
270 4048 340 4103 bono,
348 4045 511 4110 horoscopum,
519 4046 569 4095 rive
619 4053 669 4093 tum
684 4058 739 4091 oum
749 4043 765 4092 J
767 4057 820 4097 ove,
831 4049 873 4088 aut
884 4040 977 4088 Venere
993 4037 1116 4097 hebuerit5

66 4126 163 4186 riguum
176 4119 323 4169 adscendens
333 4129 494 4184 respexerunt.
515 4119 569 4183 Sig-
620 4116 673 4166 vide
685 4116 741 4167 Joh.
758 4117 830 4179 Bnpr.
848 4114 926 4171 Pium,
943 4117 1057 4162 namur.
1073 4125 1115 4172 pe·

69 4195 153 4244 nificat
175 4202 256 4243 autern
276 4192 325 4249 Sol.
347 4191 402 4241 rite
421 4200 494 4256 atque
515 4193 571 4241 anui
621 4190 793 4255 uter.cup.l2.
809 4187 872 4235 Zur.
