2806 5018
169 347 235 411 452

450 342 489 406 P.
514 341 676 407 ovlull
700 340 914 409 NASONIS

223 516 362 589 Foedus
382 515 543 589 Lucanis
561 515 790 612 provolvitur
808 514 931 587 Ursus
949 514 999 588 ab
1017 513 1154 599 antris,

173 632 275 718 Quid
289 631 360 705 nisi
381 631 528 728 pondus
544 631 655 716 iners,
671 629 894 725 stoiidaeque
907 627 1051 703 ferocia
1064 627 1225 703 mentis?

173 747 292 820 Actus
312 745 415 843 Aper
433 746 525 819 setis
543 746 635 819 iram
654 745 851 819 denuntiat
868 744 989 831 hirtis,

174 861 225 935 Et
242 861 315 935 ruit
331 860 496 958 oppositi
515 860 638 934 nitens
656 861 692 933 in
712 860 866 935 vulnera
882 858 992 946 ferri,
1178 862 1223 931 60

173 962 335 1050 Pressus
353 986 392 1050 et
409 976 547 1050 emisso
564 974 720 1049 moritur
737 999 805 1073 per
822 975 968 1048 viscera
984 974 1079 1047 telo.

172 1091 306 1165 Altera
322 1115 408 1188 pars
426 1089 547 1164 fidens
564 1088 739 1186 pedibus,
756 1089 825 1162 dat
841 1100 948 1184 terga
966 1087 1163 1186 sequenti,

177 1208 231 1280 Ut
248 1207 372 1306 pavidi
393 1205 571 1304 Lepores,
591 1217 633 1278 ut
649 1205 750 1278 fulvo
768 1216 915 1301 tergore
934 1204 1087 1292 Demae,

177 1321 228 1396 Et
247 1333 358 1420 capto
376 1312 524 1417 sugie'ns
543 1320 686 1393 Cervus
704 1320 785 1394 sine
802 1319 877 1393 fine
895 1319 1047 1394 timore.

178 1439 268 1537 Ipsa
285 1438 393 1534 sequi
412 1450 546 1510 nutura
563 1437 686 1522 docet,
705 1437 763 1509 vel
781 1436 951 1508 cominus
969 1434 1026 1508 ire
1037 1442 1063 1507 ⁸.
1180 1437 1224 1508 65

227 1552 301 1626 Hic
318 1576 521 1648 generosus
539 1552 670 1636 honos,
688 1561 727 1630 ,et
743 1550 862 1647 gloria
874 1552 996 1647 major
1011 1549 1222 1648 Equorum

179 1668 215 1742 N
219 1693 278 1743 arn
299 1668 454 1765 capiunt
475 1669 609 1741 animis
632 1668 808 1765 palmam,
828 1667 1078 1762 gaudentque
1102 1665 1224 1740 trium-

181 1783 257 1857 Seu
272 1795 419 1881 septem
435 1784 565 1881 spatiis
578 1783 691 1855 Circo
704 1806 874 1856 meruere
888 1805 1067 1855 coronam
1081 1809 1091 1869 3
1116 1781 1223 1880 [pho:

180 1898 317 1972 Nonne
336 1898 452 1984 videS,
473 1898 590 1971 victor
609 1910 750 1995 quanto
767 1896 964 1971 sublimius
984 1899 1108 1971 altum

182 2115 293 2163 Prodedit
301 2130 343 2180 pro
353 2117 462 2177 prodidit.
495 2116 574 2178 Lego:
592 2122 608 2142 “
617 2114 678 2163 Cou-

181 2186 302 2252 eussitquc
314 2197 384 2244 toros,
391 2197 416 2236 et
426 2187 515 2236 viribus
523 2188 604 2252 edjieit
612 2187 680 2244 irem,

184 2260 325 2325 Prodigus.¹'
358 2263 392 2311 ro
407 2263 520 2326 Prodigus
536 2278 551 2310 e
566 2263 615 2310 viro
631 2262 680 2310 cle·

181 2333 283 2390 rissimo,
298 2336 362 2385 Jano
378 2335 461 2391 Vitio,
472 2335 521 2400 juro
539 2344 680 2399 occupatum

182 2406 259 2455 video.
277 2408 367 2456 Herus.
401 2409 453 2472 Ego
471 2408 582 2472 legerem,
604 2409 682 2457 Prooi-

181 2482 233 2535 dit,·
251 2479 301 2527 vid.
317 2481 347 2528 nd
362 2481 448 2529 librum
464 2480 496 2528 ix.
508 2482 607 2529 Metam.
618 2483 682 2543 6493

183 2555 274 2599 addidit
299 2568 354 2599 vero
381 2569 428 2600 non
453 2554 600 2602 mutandum.
643 2556 682 2604 Sic

184 2624 227 2672 lib.
253 2624 288 2672 iii.
316 2627 417 2674 Metam.
445 2627 507 2674 306:
544 2627 683 2689 “Saeritire,

183 2699 331 2763 flunmaeque
365 2700 451 2755 minus,
484 2702 562 2748 minus
594 2704 683 2750 oddidit

185 2773 255 2819 irae.''

218 2848 257 2894 ⁵8.
278 2846 370 2894 Ferocio
385 2848 485 2911 mentia]
506 2848 581 2895 Menti
593 2848 685 2913 reponit

185 2919 272 2967 Aldus.
292 2920 361 2967 (ἶπον.

220 2996 260 3041 59.
278 2995 349 3041 Actus
359 2993 434 3054 open]
456 2999 525 3040 Actus
542 3005 563 3041 et
579 3010 619 3053 per
629 2997 685 3040 retis

188 3068 260 3114 MSS.
273 3068 300 3115 τὸ
315 3084 382 3130 ogere
396 3066 429 3112 ita
444 3068 530 3129 passim
547 3066 612 3130 ponit
623 3067 684 3114 Gra·

187 3139 248 3186 tius:
271 3147 287 3167 ‘¹
301 3142 420 3202 Gipmpice
442 3150 463 3186 te
484 3143 546 3186 silvis
567 3143 621 3202 egit,
639 3148 685 3187 etc.

188 3214 327 3275 stimulisque
345 3215 472 3273 potentibus
492 3215 538 3259 uoti
562 3212 590 3259 In
604 3213 686 3277 furiat

189 3294 275 3331 uertere
285 3285 375 3333 eones.’'
393 3285 467 3332 er.

222 3359 263 3403 60.
284 3359 315 3404 Et
332 3361 389 3405 ruit.
407 3358 477 3405 MSS.
496 3361 590 3405 seruit.
611 3358 686 3404 Ioum.

189 3429 216 3476 Se
227 3433 284 3484 ruit,
292 3429 385 3477 Thoan.
394 3431 476 3477 Forte:
495 3434 554 3477 iram
562 3434 615 3477 dum
627 3449 687 3478 nran-

191 3506 233 3551 tiot
245 3504 296 3564 (vel
308 3504 419 3559 eoncitat)
429 3506 503 3559 hirtis,
512 3522 533 3551 se
544 3509 600 3552 ruit.
634 3504 689 3552 Eie-

190 3584 282 3638 ganter.
304 3577 342 3624 Sic
354 3582 427 3624 omnio
439 3595 513 3633 ruere,
525 3579 689 3634 Germanicus,

190 3651 330 3711 fragmento
341 3650 552 3713 Prognosticorurn.

225 3724 264 3770 61.
283 3724 387 3786 Εηιίεεο.]
408 3726 594 3781 Forte,irnmirso.
609 3727 688 3773 Heru-

192 3814 255 3845 orus.

225 3870 266 3916 64.
288 3871 316 3916 Et
324 3872 489 3935 coptojirgiens
500 3888 577 3917 cernor
588 3873 690 3933 siuejine

192 3945 290 4006 timore]
317 3945 402 4008 Capto,
423 3944 447 3991 id
470 3954 505 3991 est
523 3954 645 4009 concepto,
665 3955 690 3993 ut

192 4016 263 4082 paulo
279 4029 348 4080 post3
366 4036 419 4063 nom
435 4022 528 4079 copiunt
543 4021 625 4065 animis
639 4022 687 4078 pot-

192 4108 258 4139 mum.
276 4090 352 4139 Gesu.
386 4090 497 4154 Reposui,
512 4101 580 4138 cureio
597 4096 688 4139 timore:

193 4164 256 4228 quod
274 4165 360 4228 poesim
381 4165 405 4211 in
429 4165 592 4214 vetustissimis
608 4166 688 4215 Ovidii

730 2113 851 2162 codicibus
865 2128 907 2177 pro
921 2121 998 2169 corto,
1013 2122 1083 2176 eopto
1097 2111 1170 2162 omui
1182 2110 1226 2160 eni·

730 2186 906 2236 madverterim.
923 2187 1017 2235 Herus.

764 2263 804 2310 65.
820 2261 891 2323 *ipro
901 2261 984 2324 sequi]
1004 2260 1127 2310 Abundat
1136 2261 1174 2310 tie
1182 2276 1227 2310 rer·

731 2350 780 2390 eus,
792 2333 864 2400 ponto
874 2342 930 2381 ente
940 2348 985 2381 suo
994 2334 1048 2383 loeo
1058 2335 1160 2399 positus.

765 2407 804 2455 66.
822 2406 1016 2471 regenam]
1029 2407 1230 2471 Pororqendun.

734 2481 815 2536 Hiru3
836 2488 861 2526 et
879 2493 921 2544 pro
940 2479 1012 2535 Nero,
1029 2480 1143 2545 sequenti
1159 2494 1229 2536 ruse,

732 2554 795 2602 Jom.
811 2554 900 2602 Herus.
1002 2594 1005 2598 .

765 2628 805 2676 66.
823 2626 867 2674 Seu
877 2635 958 2687 reptem
968 2630 1051 2688 opotiie
1063 2629 1157 2692 cerm]
1175 2628 1232 2677 isne

733 2701 833 2750 emendo
854 2701 972 2756 Grntium,
994 2701 1040 2748 sub
1067 2702 1140 2751 finem
1160 2703 1231 2767 Cyne

734 2774 814 2837 getici,
833 2774 872 2822 ubi
890 2773 1034 2836 legendum:
1055 2783 1072 2803 ‘¹
1087 2777 1184 2825 ...lite
1199 2777 1229 2823 ri·

735 2847 800 2911 gebit
811 2847 897 2908 Septem
913 2854 981 2894 actus
994 2849 1104 2909 opetiis.”
1137 2850 1175 2898 De
1187 2851 1231 2898 Ne-

735 2920 800 2967 midn
823 2935 899 2983 equo:
925 2935 1000 2984 quum
1028 2937 1095 2970 nunc
1116 2924 1233 2977 scribetur,

738 2995 834 3041 Centum
846 2996 931 3055 spatiis.
964 2995 1091 3055 Septimum
1106 3001 1199 3045 orbitus·
1211 3008 1232 3046 et

734 3071 849 3128 septimum
865 3078 938 3115 rotorn
953 3067 1014 3115 dixit
1028 3068 1176 3135 Propertius,
1186 3086 1232 3135 rep-

735 3149 784 3188 tem
804 3140 867 3188 Circi
888 3141 966 3205 sputia
987 3142 1138 3204 respiciens3
1160 3153 1232 3205 repen

734 3214 936 3279 gyrosArnobius.
953 3215 1047 3262 Grecis
1057 3214 1123 3264 iero
1134 3217 1232 3281 eriperer

736 3289 774 3336 vel
782 3291 939 3351 καμπτῆρεςς
953 3304 1055 3352 quorum
1065 3292 1177 3355 exemplo
1183 3291 1234 3340 Cu·

736 3362 848 3418 siodorus,
864 3362 889 3410 in
904 3361 1065 3425 descriptione
1079 3365 1145 3413 Circi
1151 3377 1234 3427 nepte·

738 3446 816 3491 metor,
834 3435 878 3482 etsi
900 3449 981 3498 perum
999 3439 1105 3500 proprie,
1122 3437 1192 3486 dixit.
1207 3439 1234 3485 ii.

738 3510 859 3556 -Sensus
874 3508 945 3563 idern,
959 3523 1032 3572 quem
1053 3511 1079 3557 in
1096 3511 1235 3576 Cynegetico

741 3582 776 3629 his
793 3582 898 3630 versibus
918 3580 1040 3630 decoravit
1060 3584 1112 3648 ipse
1131 3587 1233 3634 Gratius:

740 3662 756 3683 “
775 3690 810 3702 ...
822 3654 910 3719 Spatiis
921 3655 998 3719 quotis
1008 3659 1128 3719 permissa
1140 3660 1235 3708 heheu

738 3728 885 3775 Themaiium
914 3728 1034 3791 quadriga
1062 3729 1148 3787 decus,
1173 3748 1233 3797 quen

740 3801 815 3866 gioria
829 3811 922 3866 potrum
936 3801 1045 3857 Excitat,
1058 3812 1083 3851 et
1094 3805 1177 3868 prime
1191 3819 1234 3869 epu

741 3873 864 3922 ambitioso
880 3874 996 3921 coronae.’'
1032 3878 1095 3933 Qun
1114 3878 1134 3924 si
1151 3892 1233 3941 eompu-

740 3956 820 3997 rentur
834 3947 895 3996 inter
909 3962 942 4002 se,
956 3956 979 3996 et
994 3951 1124 4013 sequentia
1139 3968 1192 4000 eum
1204 3951 1233 4002 iit

741 4037 793 4085 quae
807 4021 837 4067 dc
851 4021 919 4083 equis
930 4021 954 4068 in
966 4022 1013 4068 tine
1025 4024 1171 4088 Cynegetici
1180 4033 1233 4076 rent,

739 4093 848 4142 eumdem
859 4094 954 4156 genium
968 4109 997 4141 ec
1013 4107 1137 4146 auctorem
1155 4098 1233 4150 retent,

741 4184 809 4217 nerno
820 4168 949 4231 negaverit.
967 4169 1044 4217 Vnrr.
