2806 5018
377 387 638 455 sssronuu
660 390 752 455 urs.
769 390 819 456 rr.
1075 376 1120 461 si

68 562 146 636 Cui
165 570 272 660 pater
289 570 349 634 est
365 562 487 648 vivarr,
507 562 573 658 qui
591 563 721 636 matris
738 563 880 661 digerit
898 588 1027 652 annos,
1044 572 1116 642 625

121 676 216 759 Quae
233 675 370 774 premit
387 676 545 749 invisam
563 700 693 750 socrus
713 677 843 775 iniqua
857 703 1004 754 nurum.

66 790 280 864 Tantalidae
297 790 430 864 fratres
448 791 585 878 absint,
605 802 644 864 et
662 791 808 866 Iasonis
825 818 932 881 uxor,

121 905 173 980 Et
191 931 276 1004 quae
295 907 464 979 ruricolis
483 908 628 982 semina
644 919 747 981 tosta
763 909 892 983 dedit:

67 1021 122 1095 Et
137 1046 253 1107 soror,
270 1033 310 1095 et
326 1022 486 1108 Procne,
507 1022 727 1122 Tereusque
744 1024 893 1097 duabus
912 1025 1086 1123 iniquus;

122 1134 172 1208 Et
188 1137 420 1234 quicumque
438 1162 525 1212 suas
544 1164 611 1238 per
629 1141 753 1213 scelus
773 1151 886 1236 auget
904 1164 1009 1238 opes.
1040 1146 1115 1215 630

68 1251 141 1324 Dis
158 1253 305 1347 generis
323 1253 410 1326 date
429 1263 513 1326 tura
530 1256 660 1327 bonis:
692 1255 904 1328 Concordia
920 1254 1036 1328 fertur

121 1364 192 1438 Illo
210 1367 399 1464 praecipue
416 1367 517 1441 mitis
536 1370 669 1442 adesse
687 1369 761 1443 die.

68 1478 122 1552 Et
139 1481 254 1555 libate
270 1482 414 1580 dapes:
442 1494 486 1555 ut
503 1485 597 1579 grati
615 1487 752 1582 pignus
770 1486 921 1558 honoris

120 1594 157 1667 N
159 1594 274 1670 utriat
291 1597 473 1671 incinctos
493 1599 607 1671 missa
624 1600 765 1697 patella
784 1599 911 1673 Lares.

65 1709 232 1810 Jamque
249 1712 315 1784 ubi
332 1713 507 1788 suadebit
522 1715 691 1813 placidos
710 1739 785 1788 nox
799 1716 931 1790 ultima
943 1740 1107 1804 somnos,

121 1826 243 1900 Parca
259 1839 466 1926 precaturae
485 1830 622 1903 sumite
639 1832 726 1903 vina
740 1854 886 1917 manuS,
1038 1835 1112 1906 636

101 2083 159 2130 627.
178 2081 256 2131 Docte
282 2083 418 2148 catalogum
441 2083 566 2150 impiomm
616 2085 685 2150 giosi,
707 2093 734 2133 nt
750 2083 821 2133 edam
839 2085 869 2134 de
888 2085 1003 2150 patella.'’
1035 2085 1111 2143 Idem,

66 2165 231 2219 cognatorum,
252 2172 311 2221 qnos
331 2157 459 2223 antiquitas
486 2158 566 2216 habet,
616 2159 648 2206 iv.
668 2173 717 2206 ver.
737 2159 777 2207 22.
799 2157 915 2222 patellam
939 2167 1003 2207 uocut
1021 2157 1114 2222 insigne

65 2228 145 2277 struit.
179 2228 306 2278 Tantalide
319 2229 421 2295 fratres,
437 2231 524 2280 Atreus
542 2241 566 2280 et
616 2232 737 2296 penatium
760 2231 959 2296 hospitaliumque
980 2231 1114 2281 Deorum.”

66 2302 194 2366 Thyestes,
209 2303 304 2367 Pelopis
319 2303 371 2360 tilii,
381 2303 475 2353 Tantali
492 2320 564 2368 nepo·
615 2305 685 2354 Illam
703 2319 779 2353 corne
794 2314 885 2369 partem
896 2307 1113 2370 mendacesque

67 2384 111 2423 tas.
138 2375 177 2424 De
193 2375 288 2424 Medera
304 2377 329 2424 in
343 2376 429 2425 liberos
444 2377 565 2443 impietate
616 2377 719 2434 nomine,
735 2379 805 2426 Festo
824 2387 927 2432 auctora,
945 2379 1037 2443 proprie
1058 2378 1113 2427 reli·

67 2448 122 2496 vide
144 2449 245 2497 Metam.
266 2450 306 2497 vii.
328 2451 384 2498 396.
406 2450 486 2515 ibique
513 2458 564 2498 not.
615 2450 953 2517 giostaepulresignificautur.
971 2451 1050 2499 Etiam
1060 2452 1113 2501 nti.

67 2522 276 2577 mandamentis
287 2539 352 2580 uxor,
359 2523 443 2572 odioin
452 2523 563 2572 Phrixum
616 2540 671 2573 xxx.
683 2526 730 2573 4³:
743 2524 832 2573 ⁶·1nter
842 2523 930 2588 pocula
940 2532 1011 2588 atque
1021 2525 1112 2588 epulas,

65 2605 90 2643 et
101 2596 199 2651 Hellen,
210 2596 350 2645 Athamanti
366 2613 395 2645 ex
413 2597 510 2645 Nebula
523 2612 564 2645 na·
616 2597 656 2645 ubi
674 2597 747 2645 libare
759 2597 813 2646 Diis
828 2597 911 2663 dapes,
926 2598 967 2646 ubi
984 2598 1044 2646 hene
1059 2614 1112 2663 pra·

65 2680 110 2726 tos,
122 2669 233 2735 impulsa,
244 2669 350 2718 ruricolis
361 2670 440 2734 fruges
457 2678 530 2718 tostas
540 2669 565 2718 iu
614 2670 663 2718 cari
682 2685 733 2718 mos
751 2670 844 2718 esset.”
877 2670 962 2735 Dapes
981 2671 1006 2719 in
1023 2672 1113 2736 patella

64 2751 194 2791 sementem
210 2741 285 2798 dedit,
301 2759 330 2790 ne
348 2752 476 2806 surgerent,
489 2751 513 2790 et
529 2751 563 2799 ut,
613 2742 694 2807 posite
711 2745 860 2791 mittebantur
876 2742 907 2791 ad
925 2743 1012 2800 locum,
1024 2753 1050 2791 ut
1067 2761 1112 2792 nu·

65 2831 140 2880 quum
157 2817 261 2881 pentum
280 2802 374 2880 linguiri
392 2825 461 2873 esset,
479 2816 565 2866 civitas
615 2819 699 2865 trimtt
717 2816 783 2878 (vide
798 2831 869 2882 supra
884 2832 933 2865 ver.
946 2816 1015 2877 566.)
1032 2817 1112 2874 laras,

65 2898 116 2936 tota
126 2888 245 2948 interiret,
264 2889 353 2954 Hygin.
365 2889 413 2937 lab.
425 2891 452 2938 2.
483 2890 565 2938 Latius
614 2891 656 2954 qui
671 2889 752 2946 ibi,ut
766 2891 883 2939 etiamen
898 2889 1056 2938 monumentis
1071 2907 1113 2956 ap·

65 2961 111 3009 hoc
127 2961 188 3009 inira
199 2960 235 3010 iii.
247 2963 293 3010 651
305 2977 358 3026 sqq.
370 2970 485 3011 narratur.
513 2962 563 3011 lni-
614 2973 690 3028 paret,
709 2965 804 3013 stabant
825 2966 930 3019 iacincti,
948 2962 973 3010 id
993 2971 1038 3019 est,
1059 2979 1113 3012 suc-

64 3033 235 3097 quus,duriore
245 3035 446 3090 sensu,crudelis.
472 3035 565 3085 Deilla
614 3036 695 3086 cincti.
722 3037 788 3085 lnt'ra
804 3052 829 3084 v.
847 3037 904 3083 217.
922 3039 988 3096 pictis
1008 3039 1113 3083 incinctae

63 3107 208 3157 crudelitate
219 3106 273 3156 vide
282 3107 343 3156 Met.
355 3108 387 3156 vi.
396 3109 532 3158 412-676.
615 3113 711 3159 vestibus
723 3110 798 3157 Horu.
820 3109 931 3164 Honores,
942 3109 1018 3170 repul,
1029 3107 1113 3155 dicun-

98 3183 157 3230 631.
166 3181 199 3229 Di
207 3180 364 3246 boni,dyubol
375 3179 498 3244 δαίμονες,
505 3181 564 3230 dicti
614 3193 651 3231 tur
662 3183 733 3231 etiam
746 3181 902 3229 libationeset
913 3194 1003 3245 preces.
1015 3179 1112 3230 AEueid.

64 3264 122 3304 suut
139 3254 211 3304 Genii
230 3263 255 3302 et
271 3255 366 3303 omniuo
381 3255 423 3303 Dii
438 3254 564 3304 familiares
614 3255 630 3305 i.
642 3255 699 3302 736.
712 3262 729 3282 “
739 3254 836 3302 laticum
848 3252 933 3300 libavit
944 3252 1080 3300 honorem.''

64 3339 108 3378 ant
118 3326 251 3378 domestici.
276 3328 348 3376 Nunc
360 3327 404 3392 ipsi
416 3327 487 3376 Lares
496 3326 564 3377 intel.
646 3329 702 3376 635.
713 3327 762 3375 Nor
771 3327 862 3381 ultimo,
871 3323 955 3372 ultima
966 3324 1040 3373 noctis
1049 3340 1112 3390 pars,

65 3402 154 3467 quibus
169 3417 213 3468 pro
226 3401 303 3450 salute
313 3401 405 3466 generis
415 3400 563 3466 supplicabas·
615 3401 732 3463 attingens
747 3399 847 3464 primam
864 3397 951 3446 lucem.
985 3398 1020 3446 Ἐκ)
1034 3413 1111 3462 usque

65 3485 113 3523 tur.
138 3474 254 3523 Nonnulli
263 3477 321 3529 bont,
329 3483 356 3522 ut
367 3473 398 3521 ad
406 3473 565 3522 sacrificantes
614 3491 677 3540 crepe
704 3474 901 3536 protrahebantur
922 3471 1039 3528 convivia,
1062 3480 1112 3519 tam

65 3551 192 3598 referatur.
229 3549 282 3596 Hoc
308 3547 441 3596 Mitscherl.
468 3547 564 3613 recepit.
614 3547 737 3603 solemnis,
757 3561 828 3611 quam
850 3544 990 3605 familiaria3
1005 3544 1113 3609 inprimis

64 3623 168 3671 Veteres
178 3621 249 3669 etiarn
260 3622 284 3669 in
294 3620 408 3669 conviviis
419 3628 482 3676 ante,
493 3636 563 3685 quam
614 3622 665 3670 hac
677 3621 787 3676 Caristia,
799 3619 910 3684 gentibus
925 3628 974 3666 tam
990 3617 1111 3674 salutaria,

65 3694 112 3761 ipsi
124 3693 340 3760 inciperentcibnm
349 3694 514 3758 potionemque
524 3709 563 3742 ca·
613 3696 647 3742 sic
672 3693 767 3742 extendi
789 3694 841 3742 vult
865 3692 974 3740 Ovidius.
1015 3692 1113 3741 satiatis

65 3784 132 3832 pere,
154 3773 245 3832 ptrtem
269 3783 345 3816 coene
365 3768 420 3816 Diis
441 3783 563 3816 consecra·
613 3768 705 3817 edendo
720 3766 833 3822 convivis,
844 3771 922 3814 vinnm
940 3766 1111 3829 apponebatur.

63 3843 135 3889 bant.
170 3840 222 3889 Hoc
243 3849 280 3889 est
305 3843 383 3896 libare,
401 3842 465 3905 quod
486 3842 564 3889 Greci
613 3843 673 3889 Tum
696 3844 775 3889 libatio
798 3841 862 3888 sacta
887 3838 1023 3894 domestica,
1041 3855 1111 3900 porco

65 3912 176 3980 pluribus
186 3911 263 3961 verbis
273 3913 453 3978 exprimebant,
469 3917 524 3962 nam
534 3913 564 3962 de
614 3916 668 3964 vino
681 3917 707 3963 in
723 3929 829 3962 mensam
841 3922 883 3960 aut
896 3921 981 3960 terram
992 3911 1076 3968 effuso,
1086 3921 1111 3960 et
1134 3906 1137 3914 ’

63 3985 197 4051 liquoribus
204 3987 350 4035 adhibebant
357 3985 472 4038 σπένδειν
482 3997 507 4036 ct
516 3988 563 4036 hri-
615 3988 735 4054 appcllato
756 3987 878 4036 numinum
905 3986 1006 4041 nomine,
1024 3983 1111 4033 additis

62 4059 172 4124 diemde
189 4060 249 4108 cibis
264 4060 430 4125 ἀπάρχεσθαι
459 4062 512 4109 Cibi
528 4077 564 4111 re·
614 4063 730 4127 precihus,
751 4061 818 4116 votis,
835 4059 908 4107 etiam
929 4057 1031 4122 hymnis.
1058 4058 1110 4104 Au·

62 4134 216 4200 ponebantur
225 4134 250 4181 in
262 4137 357 4198 purello,
367 4136 436 4185 lance
447 4134 501 4184 Diis
512 4151 564 4201 pro-
614 4146 683 4199 gusto
694 4134 819 4183 libationes
830 4141 853 4181 et
865 4132 966 4197 publicai
977 4138 1002 4178 et
1011 4129 1114 4203 privata·

61 4207 127 4273 pria.
148 4205 202 4257 cie.
216 4207 270 4258 Fin.
286 4209 311 4257 ii.
322 4210 351 4257 7:
369 4215 387 4238 “
397 4209 430 4257 ita
447 4224 493 4257 non
511 4209 565 4257 reli·
615 4210 716 4258 decretis
724 4217 790 4257 sunt.
813 4207 870 4262 Dio,
880 4205 980 4254 beir.
990 4219 1044 4267 pag.
1056 4203 1111 4251 457.
