2806 5018
448 363 707 433 FASTORUM
731 365 819 431 LlB.
844 365 906 430 lV.
1135 368 1200 432 199

154 542 328 616 Contulit
344 563 396 613 aes
414 539 590 638 populus,
609 539 657 612 de
676 563 752 636 quo
770 539 928 612 delubra
945 537 1125 612 Metellus

203 655 322 743 Fecit,
343 655 420 728 ait:
449 654 584 727 dandae
602 677 684 727 mos
702 653 811 751 stipis
829 653 917 727 inde
935 664 1075 728 manet.

154 773 232 848 Cur
249 771 394 845 vicibus
409 768 519 843 sactis
538 769 667 843 ineant
683 769 864 853 convivia,
885 793 1025 866 quaero,

200 888 298 961 Tum
317 886 448 982 magis,
469 885 628 960 indictas
647 886 993 981 concelebrentque
1011 886 1142 984 dapes.

154 1002 264 1087 Quod
282 1003 378 1076 bene
396 1001 551 1073 mutarit
568 1001 699 1075 sedem
719 999 961 1096 Berecyntia,
980 1000 1098 1089 dixit3
1127 1006 1202 1076 355

206 1117 374 1215 Captant
391 1115 548 1189 mutatis
567 1116 722 1189 sedibus
739 1137 849 1188 omen
869 1115 982 1187 idem.

154 1232 386 1317 Institeram,
406 1254 524 1328 quare
542 1231 651 1327 primi
670 1229 882 1326 Megalesia
898 1229 977 1301 ludi

205 1347 311 1420 Urbe
328 1345 450 1419 forent
467 1357 619 1419 nostra:
649 1370 768 1443 quum
787 1345 882 1430 Dea,
902 1344 1022 1419 sensit
1038 1345 1151 1432 enim,

153 1461 226 1536 Illa
244 1461 361 1547 Deos,
380 1461 517 1558 inquit,
538 1461 704 1559 peperit:
734 1484 884 1534 cessere
904 1460 1063 1558 parenti,
1173 1529 1175 1532 ,

204 1576 515 1673 Principiumque
532 1576 611 1649 dati
631 1587 750 1648 mater
767 1576 920 1649 honoris
938 1576 1065 1649 habet.
1128 1579 1203 1649 360

156 1690 238 1764 Cur
255 1689 366 1786 igitur
385 1690 528 1775 Gallos,
549 1689 615 1786 qui
633 1715 673 1764 se
692 1690 881 1776 excidere,
899 1715 1089 1777 vocamuS,

203 1804 332 1890 Quum
349 1817 454 1879 tanto
474 1804 642 1903 Phrygia
659 1806 795 1902 gallica
812 1806 930 1879 distet
946 1806 1110 1880 humus?

155 1921 272 2007 lnter,
292 1920 356 2004 ait,
372 1919 528 1993 viridem
548 1920 734 2017 Cybelen,
755 1921 927 2016 altasque
947 1919 1120 1995 Celaenas

205 2034 340 2108 Amnis
359 2035 388 2107 it
406 2035 549 2119 insana,
570 2034 720 2108 nomine
739 2034 885 2120 Gallus,
905 2056 1017 2130 aqua.
1130 2038 1206 2131 [est

155 2148 233 2235 Qui
252 2149 348 2222 bibit
370 2149 470 2235 inde,
490 2149 601 2224 furit:
632 2151 761 2248 procul
787 2151 875 2222 hinc
902 2149 1099 2238 discedite,
1121 2153 1205 2249 quis

208 2264 313 2338 Cura
330 2265 437 2337 bonae
457 2266 617 2338 mentis:
647 2265 712 2361 qui
730 2264 826 2337 bibit
843 2264 943 2349 inde,
961 2263 1062 2337 furit.
1130 2269 1204 2339 366

154 2381 245 2455 Non
264 2380 383 2479 pudet
400 2381 615 2466 herbosum,
635 2380 726 2467 dixi,
746 2379 919 2478 posuisse
938 2390 1122 2454 moretum

206 2495 432 2569 lnvdominae
450 2496 615 2569 mensis?
643 2519 691 2567 an
710 2518 779 2567 sua
795 2518 910 2568 causa
928 2495 1083 2568 subest?

185 2651 245 2699 353.
266 2649 446 2713 Megalensibus
462 2649 580 2715 principes
597 2650 655 2699 ciri·
706 2659 813 2699 suerunt.
843 2651 1048 2699 cinnamonio
1060 2651 1206 2717 urbs,csput

154 2723 211 2772 rans
225 2732 306 2771 munia
323 2723 384 2772 inter
396 2739 421 2771 se
437 2722 548 2772 convivia
565 2725 656 2788 agitare
707 2722 828 2788 quondam
840 2722 959 2788 Phrygio,
970 2739 984 2771 e
994 2724 1064 2788 cujus
1073 2740 1129 2774 arcs
1140 2741 1205 2774 sum-

154 2796 274 2852 solsbsnt.
286 2795 349 2861 quod
360 2797 535 2863 verboproprio
548 2802 657 2846 mutitare
706 2811 746 2844 ma
765 2796 888 2845 Meander
904 2795 991 2844 fluvius
1007 2797 1142 2858 oriebatur5
1159 2813 1204 2847 nec

154 2870 261 2931 dietum
278 2870 379 2928 Gellius,
396 2870 656 2919 transiluisset.
708 2870 788 2936 procul
810 2869 866 2918 inde
886 2871 996 2934 Marsyas
1016 2872 1099 2920 nornis.
1132 2872 1206 2921 Fama

154 2943 197 2992 ubi
219 2942 259 2992 lex
278 2943 409 2993 sumtusria
426 2953 570 2994 memoratur
586 2944 658 2992 muti·
707 2945 813 3001 tenebat,
822 2943 926 2992 Celsenis
935 2943 1057 3008 Marsyam
1068 2960 1122 2993 curn
1131 2944 1205 3010 Apol-

155 3015 263 3065 tsutibus
273 3015 329 3064 olim
340 3017 398 3066 lata.
434 3017 495 3066 Cato
505 3016 568 3083 spud
580 3018 657 3067 Cicer.
707 3015 755 3065 line
769 3016 879 3065 tibiuram
892 3026 964 3064 cantu
979 3025 1098 3076 certasse,
1115 3017 1203 3074 Livius,

154 3088 186 3138 ds
203 3090 657 3147 Senect132'‘Sodnlitatessutem,
708 3089 864 3148 uxriii.l3;
881 3088 973 3144 Strabo,
989 3089 1135 3153 xii.p.612.
1169 3089 1203 3146 lt,

154 3177 194 3211 me
216 3171 341 3226 questore,
359 3163 493 3211 constitute
511 3173 566 3211 sunt
584 3163 657 3212 sacris
707 3161 824 3219 decurrit,
841 3161 935 3225 plenius
950 3162 1052 3209 Metam.
1065 3160 1091 3208 ii.
1102 3163 1158 3210 456.
1170 3164 1205 3210 lu·

154 3235 231 3285 Ideo
240 3238 338 3300 Magne
350 3237 435 3285 Matris
445 3237 558 3303 acceptis.
592 3240 656 3303 Epu-
707 3236 759 3282 sem
786 3236 832 3281 ibat
859 3236 930 3281 rimu.
969 3233 1073 3290 Gallum,
1095 3234 1205 3299 Phrygias

154 3309 225 3358 lsbsr
240 3308 312 3374 igitur
328 3326 383 3358 cum
401 3310 521 3359 sodalibus
538 3311 657 3360 modice.’'
707 3307 805 3357 florium
821 3306 921 3363 Plinius,
932 3307 997 3355 xxxi.
1008 3311 1031 3357 ⁵.
1042 3316 1138 3358 auctore
1149 3308 1206 3358 cu-

156 3382 217 3430 Tum
233 3385 306 3445 magia
322 3381 438 3446 intellige,
448 3399 476 3432 eo
494 3384 553 3432 festo
569 3384 656 3449 potius,
707 3381 818 3436 limscho,
829 3381 853 3429 in
865 3380 894 3428 iis
905 3390 1020 3437 numerat,
1029 3381 1071 3446 qui
1082 3381 1207 3431 calculosis

154 3472 229 3522 quam
240 3456 287 3504 elio
297 3464 410 3522 tempore.
434 3457 545 3514 indictus,
557 3458 659 3523 adquae
707 3455 852 3505 medeantur.
877 3456 937 3503 Tum
950 3454 1031 3503 addit:
1051 3455 1206 3505 “Sedibiin

154 3544 203 3577 non
218 3538 342 3586 vocantur,
353 3529 395 3578 sed
412 3546 472 3594 quas
490 3529 535 3595 ipsi
553 3531 657 3580 convive
707 3530 809 3594 potando
827 3528 971 3577 necessarius
987 3529 1079 3585 modus,
1096 3545 1125 3577 ne
1145 3530 1206 3594 lym·

154 3601 282 3661 indicunt,
298 3601 352 3651 ride
366 3603 537 3652 Burmannum.
707 3605 791 3670 pharos
812 3604 894 3669 agat.''
929 3603 1015 3654 Vibius
1031 3605 1158 3670 Sequester
1177 3605 1207 3654 de

189 3677 247 3725 357.
266 3675 407 3734 Institeram,
424 3677 580 3737 instituerem,
592 3695 657 3743 qure-
707 3677 811 3726 Flumin.
846 3684 862 3704 ‘⁴
873 3675 958 3725 Gallus
974 3676 998 3724 in
1015 3675 1131 3741 Phrygis,
1143 3676 1206 3726 unde

155 3764 208 3798 rere
228 3749 345 3798 volebam.
380 3751 438 3799 Dsos
455 3754 554 3813 peperit,
573 3768 658 3817 nempe
707 3751 747 3816 qui
755 3752 824 3808 bibit,
832 3751 919 3799 insanit
928 3765 990 3798 more
998 3749 1126 3800 lanatico.”
1144 3750 1205 3798 Inde

155 3839 198 3872 sex
217 3824 284 3872 Deos
306 3825 419 3888 majorum
437 3826 560 3889 gentium,
579 3826 657 3890 Virgi·
708 3823 1208 3888 Gallosnomenaccepissetestaturetism

155 3897 209 3952 lius,
233 3898 292 3945 AEn.
313 3897 345 3945 vi.
367 3899 427 3946 787:
445 3901 555 3957 Ἥκω
578 3899 656 3948 Dellm
708 3897 843 3963 Stephanus
854 3899 1001 3962 Byzantinus
1012 3897 1054 3945 ubi
1066 3896 1096 3944 de
1107 3897 1151 3946 hoc
1161 3898 1206 3945 fln-

154 3977 234 4036 partu,
244 3982 339 4020 centum
350 3973 474 4037 complexa
483 3985 587 4038 nepotes,
600 3975 658 4022 Oru·
708 3971 746 4020 vio
760 3973 821 4034 agit:
841 3972 892 4020 ἀπὸ
906 3971 999 4020 ἐκείνου
1014 3972 1061 4035 γάρ
1079 3972 1136 4029 τοὺς
1149 3989 1205 4036 τιμ-

155 4060 199 4093 nos
215 4045 347 4101 coelicoles,
360 4061 441 4094 omnes
458 4062 542 4113 supera
559 4046 607 4096 alta
624 4057 658 4096 ta·
709 4044 827 4104 νομένους
835 4047 865 4095 τὰ
872 4044 953 4094 αἰδοῖα
961 4045 1207 4102 Γάλλουςκαλσῦσιν.

157 4118 262 4166 tentes.”
735 4122 792 4168 ³67.
804 4122 926 4175 Mor-etum,
933 4118 1069 4180 μύττωτον,
1077 4118 1148 4167 edulii
1158 4134 1207 4166 rus·

189 4192 249 4239 361.
268 4191 297 4239 Se
313 4194 422 4246 stridere,
440 4190 515 4241 virilis
533 4208 576 4240 sus
592 4208 659 4241 exse-
709 4192 751 4241 tici
763 4209 838 4257 genus
849 4209 878 4241 ex
889 4192 955 4248 allio,
966 4189 1028 4256 apio,
1041 4200 1102 4245 ruta,
1115 4190 1206 4238 corian-
