2806 5018
296 359 362 425 aar
692 347 950 440 excussus

298 554 374 596 vero
395 538 482 593 ortus
502 534 694 610 apparentes
714 539 749 590 et
767 549 858 592 veros
879 524 1061 590 discernere
1086 525 1303 599 didicissent,
1320 525 1356 586 ita

297 655 352 698 eos
365 632 481 696 divisos
495 639 529 693 et
544 631 722 713 appellatos
737 652 810 694 esse
824 637 1009 694 constanter
1023 629 1237 693 invenimus:

455 802 546 861 Ortus
560 802 721 860 matutinus
734 823 830 872 verus,
845 804 863 860 i.
878 823 903 861 e.
917 803 1064 862 cosmicns.

631 917 779 975 apparens,
794 897 814 956 i.
829 917 854 956 e.
867 896 1002 956 heliacus.

454 1029 532 1038 —-
545 994 725 1071 vespertinus
740 1013 832 1061 venas,
848 993 866 1050 i.
881 1013 906 1051 e.
922 991 1105 1070 acronychus.

457 1121 614 1132 --——-·
631 1107 779 1166 apparens.

454 1183 580 1242 Occasus
593 1181 754 1241 matutinus
767 1201 862 1248 verns,
876 1180 895 1237 i.
910 1202 934 1240 e.
949 1181 1094 1239 cosmicus.

454 1278 581 1337 Occasus
594 1277 756 1334 matutinus
769 1295 916 1352 apparens.

454 1374 580 1432 Occasus
593 1372 773 1451 vespertinus
785 1391 881 1440 verus,
895 1371 914 1428 i.
928 1390 953 1429 e.
967 1370 1155 1448 acronychns.

453 1468 580 1527 Occasus
592 1468 774 1546 vespertinus
787 1486 936 1544 apparens,
950 1465 970 1523 i.
984 1486 1009 1523 e.
1024 1464 1164 1525 heliacus.

299 1643 353 1706 ubi
370 1642 428 1705 hoc
446 1642 593 1704 universe
609 1641 783 1704 tenendum
799 1649 867 1703 est:

342 1743 385 1806 1⁰.
411 1742 509 1805 Mane
525 1764 616 1806 veros
632 1752 718 1805 ortus
737 1741 845 1805 multis
860 1763 945 1824 saepe
963 1741 1075 1805 diebus
1090 1744 1290 1825 praecedere
1304 1767 1352 1828 ap

300 1854 462 1928 parentes.
491 1846 535 1907 2⁰.
550 1844 690 1928 Vesperi
702 1852 893 1927 apparentes
905 1844 1090 1926 praecedere
1101 1866 1211 1909 veros.
1243 1848 1352 1911 Astra

301 1948 386 2012 nomi
403 1947 523 2014 Graeci.
540 1955 574 2009 et
590 1946 778 2019 Columella,
798 1956 832 2009 et
851 1945 974 2008 Plinius
997 1967 1136 2028 semper,
1158 1958 1195 2011 ut
1222 1970 1352 2013 necesse

300 2060 360 2125 est,
378 2051 446 2114 sive
463 2060 549 2113 ortus
565 2050 749 2121 matutinus,
765 2050 833 2111 sive
849 2048 1059 2132 vespertinus,
1075 2048 1245 2114 interdum
1260 2053 1351 2116 etiam

298 2154 367 2218 sive
382 2154 549 2228 cosmicus,
567 2153 634 2216 sive
652 2153 803 2227 heliacus,
821 2153 887 2216 sive
904 2150 1100 2236 acronychns
1116 2152 1170 2227 sit,
1187 2164 1350 2219 annotant.

301 2245 438 2320 Ovidius
459 2277 539 2329 raro,
557 2277 644 2339 saepe
662 2253 753 2328 salso,
770 2275 856 2337 saepe
877 2254 1037 2337 ambigue,
1054 2264 1127 2317 uter
1149 2264 1244 2320 ortus
1266 2279 1350 2320 occa·

298 2379 394 2420 susve
410 2358 461 2429 sit,
477 2358 606 2429 indicat,
623 2365 657 2419 et
674 2356 851 2421 videbimus
872 2355 955 2419 infra
975 2377 1048 2418 eum
1064 2356 1119 2420 vix
1144 2358 1254 2441 ipsum
1275 2360 1349 2422 banc

301 2458 522 2531 differentiam,
559 2467 631 2520 utut
667 2458 847 2532 maximam,
884 2458 1019 2530 novisse,
1048 2458 1100 2520 vel
1140 2461 1349 2542 expressisse.

299 2560 407 2623 Penes
424 2560 614 2642 interpretes
634 2560 732 2643 igitur
752 2570 862 2623 manet
880 2581 1006 2642 semper
1021 2560 1243 2644 investigatio,
1259 2563 1349 2647 qualo

299 2670 386 2723 ortus
403 2683 505 2743 genus
519 2662 552 2723 in
568 2662 693 2744 singulo
709 2662 778 2724 loco
794 2662 1015 2744 accipiendum
1030 2663 1086 2735 sit;
1107 2671 1142 2725 et
1157 2686 1223 2727 non
1240 2667 1348 2728 mirum

301 2774 352 2827 est
366 2786 452 2846 saepe
468 2785 523 2826 eos
537 2765 570 2826 in
587 2766 715 2827 diversa
735 2768 834 2840 abire,
851 2766 1009 2848 siquidem
1031 2767 1098 2828 sine
1114 2767 1243 2831 calculo
1261 2777 1295 2831 et
1309 2779 1349 2830 ta·

300 2866 375 2928 bula
389 2865 466 2929 nihil
484 2867 543 2928 nisi
558 2867 687 2950 globum
709 2867 810 2929 aliave
828 2867 1012 2930 kalendaria
1021 2867 1058 2928 ‘iu
1073 2869 1244 2932 consilium
1262 2891 1349 2932 voca·

300 2980 424 3033 verant.
472 2969 547 3032 Non
573 2970 674 3033 solum
701 2972 741 3033 ad
766 2970 823 3032 boc
847 2972 1030 3043 videndum,
1053 2973 1110 3034 sed
1138 2973 1293 3036 universe
1314 2973 1349 3036 ad

299 3075 467 3137 veritatem
478 3075 721 3137 astronomicam
732 3075 977 3156 dijudicandam,
990 3076 1267 3157 expeditissimam
1279 3100 1348 3140 sane

300 3177 382 3239 niam
400 3178 526 3259 apernit
540 3186 573 3239 et
588 3178 687 3239 cnivis
702 3187 864 3259 patentem
881 3178 1074 3240 calculorum
1090 3179 1189 3241 etiarn
1205 3180 1349 3262 imperito

301 3279 467 3352 Petovins,
495 3279 607 3341 tabulis
633 3280 818 3352 condendis,
840 3279 871 3342 in
897 3281 1013 3361 quibus
1035 3279 1141 3341 multis
1167 3281 1275 3364 iisque
1299 3304 1348 3344 no

299 3382 427 3444 tissimis
447 3381 547 3444 stellis
570 3392 657 3445 ortus
674 3404 870 3465 occasusque
887 3383 1025 3455 cosmici,
1043 3382 1167 3455 heliaci,
1184 3383 1348 3467 acronpcbi

299 3484 340 3546 ad
362 3482 475 3545 Romae
497 3493 531 3546 et
552 3482 760 3547 Alexandriae
784 3485 989 3557 horizontem,
1010 3507 1081 3547 cnm
1103 3485 1270 3567 signorum
1292 3485 1348 3547 Zo

302 3585 383 3645 diaci
400 3586 554 3665 partibus,
571 3586 601 3647 in
620 3609 699 3668 quas
721 3608 802 3648 anno
821 3583 922 3670 primo
937 3587 959 3649 J
962 3587 1067 3649 uliano
1083 3587 1283 3661 incidebant,
1299 3588 1348 3649 ad·

301 3685 417 3765 signati
440 3698 524 3748 sunt.
572 3686 831 3769 Uranolog.var.
851 3689 937 3750 Diss.
966 3711 997 3770 p.
1014 3688 1154 3750 58-61.
1204 3689 1269 3751 His
1293 3690 1347 3772 sig-

298 3790 585 3870 norumpartibus
619 3791 658 3851 ad
691 3790 808 3851 mensis
839 3790 920 3864 dies,
950 3791 1064 3872 quibus
1094 3799 1171 3853 tunc
1202 3793 1349 3876 temporis

298 3890 535 3969 respondebant
552 3893 727 3954 secundum
745 3892 944 3965 laterculum,
961 3894 1046 3976 qnod
1067 3916 1098 3975 p.
1113 3894 1168 3956 57.
1186 3896 1348 3976 praemisit,

298 3991 417 4062 relatis,
443 4002 591 4054 accurate
618 3994 752 4079 intelligi
778 4005 893 4077 potest,
920 3997 1047 4079 qnando
1075 3997 1236 4078 quaepiam
1264 3997 1350 4060 stella

298 4116 380 4156 anno
404 4094 505 4177 primo
523 4094 665 4169 Juliano,
685 4096 735 4159 vel
760 4096 883 4171 Roma,
907 4099 956 4159 vel
973 4099 1184 4161 Alexandriae
1210 4110 1281 4162 orta
1303 4101 1349 4168 sit,
