2806 5018
346 380 608 447 PASTORUM
630 381 721 447 LIB.
746 381 809 447 IV.
1034 387 1099 452 eol

154 617 155 625 ,
175 553 240 640 eit,
259 554 433 640 irradies,
457 554 703 653 Libycisque
722 556 852 630 Caesar
869 557 906 629 in
925 558 999 630 oris

157 668 251 742 riida
269 671 496 765 magnanimi
515 672 689 745 contudit
706 697 811 747 arma
827 671 850 745 J
855 676 951 747 ubae.
1021 679 1095 749 380

156 785 247 857 mihi
267 785 397 858 Caesar
413 797 505 872 erat,
525 790 596 861 sub
616 812 692 884 quo
710 790 891 862 meruisse
909 789 1082 863 tribunus

154 899 266 973 orior:
296 902 418 974 officio
437 900 585 998 praefuit
602 903 665 975 ille
682 927 780 978 meo.

154 1039 246 1112 :ego
264 1017 396 1089 militia
413 1018 555 1101 sedem,
576 1029 616 1090 tu
635 1041 729 1115 pace
748 1019 900 1116 parasti,

154 1153 202 1203 :er
219 1130 277 1203 bis
296 1131 431 1227 quinos
448 1156 540 1204 usus
559 1132 698 1206 honore
716 1134 824 1206 viros.

154 1270 164 1316 ι
181 1244 340 1318 locuturi
360 1246 486 1319 subito
505 1246 720 1320 seducimur
738 1249 878 1322 imbre:
1019 1255 1093 1322 385

154 1361 269 1433 ndula
286 1363 461 1434 coelestes
480 1361 593 1435 Libra
611 1364 786 1437 movebat
803 1387 934 1460 equas.

164 1487 303 1562 tamen,
324 1499 438 1572 quam
457 1500 603 1549 summa
621 1478 703 1551 dies
722 1481 940 1575 spectacula
957 1480 1077 1564 sistat,

157 1590 256 1687 siger
276 1592 392 1665 Orion
411 1617 561 1688 aequore
581 1618 724 1667 mersus
743 1593 824 1667 erit.

154 1729 252 1776 rrsrrr
267 1706 459 1779 victricem
473 1732 590 1804 quum
604 1707 764 1781 Romam
778 1710 987 1806 inspexerit
1001 1708 1089 1796 Boe,

163 1819 309 1893 dederit
327 1818 473 1893 Phoebo
491 1823 601 1895 stella
620 1823 750 1918 fugata
767 1824 904 1910 locum,
1018 1829 1093 1896 390

154 2069 205 2109 nter
233 2061 319 2126 pocula
347 2077 373 2110 se
400 2061 542 2111 interficien-
626 2064 765 2112 aee-620.
785 2064 873 2112 Cereris
884 2067 943 2111 ludi.
973 2063 1091 2111 Hunclo-

159 2134 274 2197 praebuit3
300 2135 390 2190 Florus,
407 2136 438 2182 iv.
455 2137 479 2183 2.
496 2137 543 2195 69;
593 2152 647 2184 cum
673 2136 706 2185 ite
729 2144 824 2193 lrnctnl,
846 2145 873 2184 ut
896 2135 997 2202 primum
1023 2135 1091 2183 ludos

154 2222 187 2255 un
210 2223 259 2256 rem
283 2209 353 2273 paulo
379 2208 448 2256 aliter
472 2209 543 2257 relert
593 2210 654 2274 ipsos
667 2211 811 2269 391-3933
828 2220 877 2258 lum
895 2209 989 2259 Cereris
1005 2207 1091 2256 merite

154 2279 217 2329 Bello
226 2280 302 2329 Afric.
314 2281 353 2328 9⁴.
375 2281 436 2329 Inde
447 2300 543 2347 mugna-
592 2293 616 2330 et
628 2283 728 2339 cultum,
739 2284 881 2343 ³94-4165
891 2281 987 2331 tandem
998 2289 1092 2347 replum

154 2355 226 2403 irritet
240 2371 376 2419 procurrens
387 2356 418 2403 nd
433 2366 540 2405 mortem.
592 2356 740 2421 Proserpina
751 2357 809 2404 ⁴17.
822 2371 897 2421 nsque
912 2354 942 2404 nd
954 2355 1023 2403 linem
1038 2369 1091 2403 ner-

156 2428 325 2487 ,debellavit;
343 2429 467 2494 Virgilius,
481 2431 540 2479 AEn.
592 2438 634 2477 ret.
668 2429 901 2486 Constat,Cerenles
912 2428 983 2477 luisse
995 2427 1091 2476 Circen-

154 2503 373 2566 nopulosqueseroccs
386 2504 525 2551 Conlirndet.
591 2519 643 2562 ses;
657 2503 765 2559 Tacitus.
780 2503 869 2552 rinnel.
886 2519 928 2551 xv.
943 2503 990 2551 5³:
1009 2508 1026 2529 ‘¹
1038 2500 1091 2550 cir-

154 2576 294 2632 &domoon
308 2576 331 2624 in
345 2575 541 2634 Qualuordecim,
591 2577 697 2625 censium
724 2577 832 2626 ludorum
860 2576 908 2632 die,
938 2576 979 2640 qui
1008 2576 1090 2625 Cereri

154 2664 179 2697 us
195 2650 304 2713 putabet,
323 2649 385 2697 hauc
401 2649 464 2697 enim
482 2649 540 2696 Ovi·
591 2649 753 2699 celebraturi·
765 2650 837 2706 idem,
848 2649 1090 2715 cap.74.deerelum,

154 2724 265 2787 equestris
279 2722 366 2771 ordinis
377 2724 430 2787 jure
444 2722 540 2772 obtinu·
591 2732 617 2770 ul
630 2722 806 2772 “Circensium
821 2722 955 2772 Cerealium
971 2720 1089 2769 ludicrum

154 2797 205 2846 lin
221 2796 352 2856 orchestra5
370 2813 442 2862 quam
459 2796 539 2845 sedem
591 2795 698 2860 pluribus
707 2812 821 2860 equorum
837 2796 945 2844 cursibus
958 2795 1089 2843 celebrere·

160 2882 283 2931 menoare
296 2887 392 2919 munere
403 2873 539 2918 decemvira-
590 2870 652 2918 tur.''
685 2873 716 2919 El
728 2873 781 2919 binc
791 2869 914 2919 commode
926 2876 1003 2933 potest
1013 2868 1089 2932 expli-

155 2944 214 2994 iorte
229 2961 292 2994 anno
306 2945 383 2993 aetnlis
394 2947 434 2991 21.
445 2952 486 2992 aut
496 2946 538 2991 22.
589 2946 646 3001 cnri,
664 2945 693 2994 ab
711 2945 755 2994 hoc
772 2945 821 3001 die,
839 2960 886 3009 quo
902 2943 980 2991 circus
996 2940 1089 2989 celeber

154 3029 193 3068 ent.
232 3019 413 3083 vigintiviratus
424 3028 475 3067 eret
485 3033 539 3081 gra·
590 3018 814 3083 pompn,incipiunl
831 3016 882 3065 ludi
899 3015 1001 3064 Cereris.
1034 3013 1089 3060 Scio

154 3102 255 3142 enatum.
289 3092 348 3140 lnde
360 3101 407 3140 tres
418 3091 461 3139 viri
472 3099 540 3138 erant
589 3093 694 3157 quidem.
704 3093 728 3140 in
739 3089 885 3140 Kelenderio
896 3088 999 3153 quodem
1010 3098 1089 3135 vetere

154 3166 280 3230 spilnliurn,
294 3174 341 3213 tres
358 3163 479 3229 signandae
498 3179 538 3228 pe·
590 3166 621 3214 ud
638 3165 700 3215 diem
717 3165 778 3231 prid.
796 3164 833 3211 ld.
844 3170 938 3211 nolelos
956 3176 1006 3210 esee
1025 3162 1089 3208 luder

155 3247 237 3288 untuor
252 3241 341 3288 riarum
359 3250 486 3294 curatores,
496 3237 539 3285 de·
592 3241 689 3296 Cereris,
699 3248 724 3288 et
737 3238 811 3286 biduo
827 3245 882 3285 ante
898 3237 962 3282 ludos
975 3237 1000 3281 in
1013 3234 1088 3289 Circo,

154 3313 196 3362 ciis
206 3313 416 3362 centumviralibus
425 3311 538 3376 preelecti,
590 3314 631 3362 sed
647 3314 693 3361 elia
711 3310 857 3361 Kalendarie
875 3317 976 3357 noslrnrn
994 3315 1090 3356 tuentur

154 3387 178 3436 le
189 3386 270 3435 lilibus
277 3386 414 3451 judicandis
423 3386 490 3433 dicti·
590 3390 738 3439 sententiam.
771 3383 891 3444 Quaeritur
907 3398 1036 3447 porroque
1052 3385 1090 3430 die

154 3461 246 3517 Plinius,
256 3461 321 3508 Πὶίί·
332 3462 377 3508 661
399 3460 482 3506 cruri
496 3459 538 3506 Vl·
590 3461 683 3510 initium
699 3460 781 3508 borum
793 3457 901 3507 ludorum
918 3455 997 3505 luerit.
1029 3455 1087 3504 Ple·

154 3535 243 3597 ficnlur
261 3538 330 3583 imber
351 3535 424 3582 Libra
442 3550 538 3591 orcum
590 3535 656 3600 rique
668 3533 803 3597 intelligunt
813 3530 874 3597 prid.
907 3529 966 3578 Idus
981 3528 1031 3577 sive
1047 3527 1089 3576 xii.

154 3609 182 3663 ln,
194 3609 227 3657 ix.
238 3612 266 3656 2:
286 3609 318 3656 iv.
334 3609 371 3656 ld.
389 3610 484 3669 Aprilis,
497 3610 540 3656 sole
592 3608 667 3673 April.
678 3610 735 3673 quin
751 3606 786 3653 sic
804 3603 951 3653 Kelenderis
968 3602 1089 3658 nonnulla,

154 3681 221 3731 Libra
241 3687 341 3732 occidere
359 3685 450 3744 incipit,
468 3685 539 3729 iuter·
590 3692 614 3730 cl
632 3680 833 3747 quiaversussll.
845 3679 936 3725 terrim
952 3678 1024 3724 lucem
1042 3691 1088 3724 non

154 3767 256 3818 peslarm
267 3759 390 3823 siguificat.
413 3757 482 3805 Hunc
494 3757 537 3803 im·
589 3768 651 3805 recte
662 3762 784 3821 ceperunt.
801 3755 860 3801 Eam
872 3753 984 3800 rationem
994 3750 1088 3814 Lipsius

154 3832 475 3897 eniosepoetnmemoravis.
508 3831 537 3877 ln
588 3831 619 3878 ad
628 3830 705 3878 Tacit.
720 3828 783 3876 Hist.
794 3828 820 3876 ii.
831 3831 911 3876 obeo
929 3825 1000 3874 etiam
1018 3824 1086 3889 adju·

154 3906 256 3954 Romani
273 3907 318 3953 sub
335 3905 374 3953 dio
390 3906 538 3970 spectabunt.
587 3904 637 3953 vari
659 3912 736 3969 putet,
757 3901 821 3967 quod
841 3901 882 3955 ibi,
901 3901 995 3950 Othone
1016 3899 1088 3946 inler-

157 3980 218 4028 bene
230 3978 301 4028 Libra
312 3979 410 4027 dieitur.
445 3979 537 4026 Summa
588 3979 657 4034 lecto,
670 3978 772 4025 cerenici
783 3978 834 4024 ludi
848 3991 895 4023 non
905 3973 1038 4038 interrupti,
1049 3975 1087 4020 red

154 4053 200 4103 ima
228 4053 408 4117 blegelerrsium,
435 4069 488 4117 que
514 4053 537 4100 in
588 4068 685 4099 esmore
698 4053 793 4113 eputari
807 4064 857 4097 esse
872 4057 1009 4104 remotum
1026 4060 1087 4092 rnor-

154 4128 186 4177 rio
206 4127 308 4193 quodem
328 4137 407 4175 vetere
426 4127 539 4175 finiuntur
590 4135 637 4174 lem
656 4134 736 4173 aulem
753 4123 855 4172 Othonis
873 4119 984 4170 incidisse
1002 4119 1025 4167 in
1046 4117 1088 4166 xii.

592 4200 694 4249 Kalend.
707 4199 774 4253 Maii,
786 4199 835 4246 sire
845 4197 907 4245 diem
920 4211 959 4243 xx.
970 4192 1047 4258 April.
1057 4192 1088 4240 nd
